2904 4784
211 354 253 419 30
513 349 655 404 Arnobii
678 347 841 404 aduersus
864 349 1021 403 nationes

212 543 291 589 unus
306 523 368 588 fuit
383 541 399 587 e
414 521 511 604 nobis,
527 521 580 604 qui
596 521 720 587 claudos
735 539 854 586 currere
869 521 1084 603 praecipiebat,
1102 523 1133 586 et
1146 521 1209 586 iam
1225 523 1330 604 'sope-

142 643 204 695 ala
216 629 258 692 ris
280 646 328 692 res
351 627 431 705 erat,
455 626 608 709 porrigere
630 642 752 691 mancos
771 623 776 713 l
795 644 919 705 manus,
941 628 973 691 et
995 625 1119 691 articuli
1139 625 1328 691 mobilitates

212 731 274 795 iam
296 729 452 814 ingenitas
474 727 680 810 explicabant,
711 729 816 811 captos
837 727 983 794 membris
1004 728 1182 812 adsurgere,
1211 729 1242 793 et
1263 729 1327 793 iam

182 850 281 901 ‘suos
317 833 490 899 referebant
532 832 626 897 lectos
670 833 778 897 alienis
814 833 905 915 paulo
941 833 1012 896 ante
1048 831 1217 897 ceruicibus
1253 831 1325 908 lati3

212 937 355 1003 uiduatos
376 937 480 1002 uidere
502 935 688 1012 luminibus,
712 936 743 1000 et
767 935 830 1001 iam
858 935 977 1001 caelum
1000 935 1142 1018 diemque
1164 935 1328 1000 cernebant
1350 960 1362 998 ι

163 1040 308 1108 ldnullis
330 1059 401 1105 cnm
423 1038 518 1103 oculis
540 1039 711 1121 procreati?
746 1057 850 1118 unus,
869 1039 1004 1120 inquam,
1028 1036 1089 1103 fuit
1111 1057 1128 1103 e
1148 1037 1251 1116 nobis,
1264 1038 1327 1120 qui
1439 1068 1441 1072 .

212 1141 425 1207 debilitatibus
448 1140 542 1206 uariis
567 1140 742 1223 morbisque
764 1143 889 1208 ueratos
912 1144 1037 1208 centum
1055 1143 1110 1208 aut
1123 1142 1180 1209 hoc
1195 1140 1328 1223 amplius

204 1246 307 1321 ,semel
333 1263 394 1333 una
421 1243 636 1309 intercessione
665 1244 816 1309 sanabat?
853 1245 939 1310 cuius
967 1231 1073 1310 uocem
1095 1246 1134 1310 ad
1156 1244 1328 1326 simplicem

213 1347 378 1412 furibunda
399 1347 431 1410 et
452 1347 561 1412 insana
582 1346 778 1427 explicabant
793 1348 945 1426 samaria,
969 1347 1173 1430 procellarum
1187 1337 1328 1413 turbines

212 1450 469 1532 tempestatesque
498 1449 661 1515 sidebant?
697 1450 750 1531 qui
778 1469 834 1534 per
861 1451 1029 1516 altissimos
1059 1452 1197 1536 gurgites
1219 1452 1361 1535 pedsmrc
1403 1483 1404 1489 κ

212 1555 328 1618 ferebat
357 1553 507 1630 inlutum,
541 1552 679 1618 calcabat
708 1553 795 1636 ponti
816 1555 903 1637 terga
924 1555 1014 1619 undis
1036 1555 1112 1637 ipsis
1134 1554 1327 1637 stupentibus

211 1657 246 1719 in
268 1656 456 1720 famulatum
478 1655 628 1721 subeunte
649 1657 780 1722 natura?
802 1657 855 1738 qui
878 1658 1075 1740 sequentium
1090 1678 1122 1723 sa
1136 1657 1224 1723 milia
1239 1661 1328 1741 quin-

213 1777 271 1840 que
292 1758 426 1840 quinque
459 1758 613 1823 saturauit
634 1777 651 1822 e
672 1758 818 1840 panibus,
851 1778 887 1824 ac
908 1779 946 1824 ne
976 1778 1041 1825 esse
1074 1759 1258 1843 praestigiae
1279 1758 1329 1824 in·

213 1849 345 1926 credulis
368 1860 432 1925 illis
455 1861 633 1925 uiderentur
655 1862 686 1925 at
708 1861 802 1941 duris,
826 1862 874 1927 bis
890 1881 1032 1928 senarum
1048 1864 1221 1945 sportarum
1243 1863 1329 1927 sinus

214 1963 414 2046 reliquiarum
448 1963 652 2048 fragminibus
684 1965 871 2049 aggerabat?
889 1990 891 1997 ⁴
906 1985 984 2031 unus
1014 1966 1075 2031 fuit
1102 1966 1240 2044 emble,
1275 1965 1328 2047 qui
1338 1994 1361 2032 15

214 2068 313 2132 redire
334 2067 367 2131 in
390 2085 514 2149 corpora
537 2051 718 2133 iamdudum
740 2069 859 2134 animas
881 2069 1086 2151 praecipiebat
1108 2068 1235 2147 efflatas,
1258 2084 1328 2149 pro-

214 2170 279 2234 dire
296 2164 298 2170 ’
314 2169 352 2234 ab
389 2170 554 2254 aggeribus
591 2167 725 2235 conditos
763 2171 794 2235 et
826 2172 895 2253 post
931 2172 1012 2237 diem
1048 2171 1163 2236 funeris
1199 2171 1328 2236 tertium

212 2273 430 2354 pollinctorum
461 2272 667 2338 uelaminibus
699 2273 855 2355 expediri?
891 2293 969 2339 unus
1003 2274 1064 2338 fuit
1097 2274 1242 2357 anobis,
1275 2273 1328 2355 qui

214 2375 286 2457 quid
314 2374 432 2457 singuli
459 2375 633 2453 noluerent,
662 2375 735 2457 quid
758 2377 814 2440 sub
836 2376 973 2441 obscuris
996 2376 1234 2459 cogitationibus
1256 2393 1327 2440 con-

214 2477 346 2543 tinerent
367 2478 532 2542 tacitorum
546 2476 587 2543 ⁴in
609 2479 751 2544 cordibus
772 2479 977 2560 peruidebat?
1013 2497 1093 2544 unus
1116 2478 1176 2543 fuit
1198 2479 1362 2556 anobisao

213 2580 267 2662 qui
289 2600 358 2646 eum
381 2598 476 2645 unam
498 2582 653 2646 emitteret
674 2598 790 2661 uocem,
813 2582 852 2647 ab
873 2581 1003 2647 diuersis
1024 2583 1145 2666 populis
1161 2585 1192 2647 et
1207 2582 1329 2646 dissona

214 2684 349 2749 oratione
372 2683 566 2766 loquentibus
588 2683 793 2749 familiaribus
816 2684 979 2750 uerborum
1001 2685 1082 2750 sonis
1105 2687 1137 2750 et
1151 2703 1205 2749 suo
1221 2685 1329 2766 cuique

214 2785 559 2853 utens'eristimabatur
580 2787 721 2869 eloquio?
743 2806 822 2852 unus
845 2787 905 2852 fuit
927 2788 1054 2869 anobis,
1078 2788 1130 2868 qui
1146 2806 1216 2852 cum
1229 2785 1329 2850 officia

128 2905 149 2962 f.
160 2904 205 2956 1⁷¹>
215 2890 371 2972 religionis
401 2891 499 2955 certae
526 2890 590 2955 suis
618 2889 819 2955 sectatoribus
846 2891 991 2969 traderet,
1018 2889 1023 2975 Ι
1048 2891 1198 2955 mundum
1225 2892 1328 2955 totum

213 2993 336 3075 repente
369 2993 531 3075 conplebat
562 2995 755 3076 quantusque
783 2995 815 3057 et
836 2995 888 3075 qui
923 2994 1004 3059 esset
1033 2994 1167 3059 reuelata
1195 2992 1363 3061 neminisse

214 3094 414 3160 inmensitate
435 3097 649 3162 monstrabat?
681 3116 759 3162 unus
782 3097 842 3163 fuit
864 3115 880 3160 e
902 3097 1004 3174 nobis,
1028 3096 1080 3178 qui
1102 3095 1240 3176 deposito
1262 3112 1328 3160 cor·

213 3215 284 3281 pore
305 3198 474 3262 innumeris
497 3216 529 3262 se
550 3199 709 3264 hominum
731 3201 873 3282 prompta
894 3200 926 3263 in
948 3199 1015 3263 luce
1036 3198 1165 3274 detexit,
1189 3197 1242 3279 qui
1265 3215 1328 3261 scr-

249 3509 264 3560 1
282 3508 309 3558 et
327 3506 380 3558 iam
404 3504 466 3558 aa:
484 3505 565 3558 otiam
584 3507 639 3560 Sab
740 3508 920 3574 processerant
934 3505 1080 3573 Haupttaa
1096 3503 1232 3558 ambulare
1250 3508 1328 3573 atque

215 3592 304 3645 exilire
322 3594 460 3658 coeperant
477 3592 590 3666 Hegias
615 3590 749 3646 ambulare
776 3592 876 3645 nullius
902 3591 958 3645 illis
985 3590 1070 3659 operis
1097 3606 1138 3644 res
1156 3592 1214 3643 erat
1231 3589 1328 3643 Kloss-

215 3692 333 3730 meaaas
350 3677 485 3744 compedes
504 3677 690 3732 reserabuntur
713 3678 728 3732 2
833 3679 849 3730 2
867 3677 1032 3731 mobilitates
1051 3677 1078 3744 (b
1097 3693 1130 3730 ecc
1147 3683 1176 3743 u)
1193 3678 1219 3727 P
1234 3677 1329 3729 immo·

215 3762 336 3817 tilitates
359 3762 410 3816 Urs
548 3763 565 3816 3
582 3763 717 3831 ingenitas
735 3764 795 3831 Sub,
813 3780 842 3817 r.-
864 3764 986 3832 ingentes
1004 3765 1030 3814 P
1046 3761 1195 3831 incognitas
1209 3762 1265 3816 Urs

215 3847 449 3904 4referrebantP
548 3846 705 3903 bbiduatos
719 3851 745 3900 P
845 3851 1064 3903 lano-uexatos
1077 3850 1103 3899 P
1202 3847 1236 3900 12
1252 3847 1328 3915 quln-

215 3951 265 4004 que
288 3935 402 4003 quinque
426 3935 490 3989 Ure.-
512 3933 628 4003 quinque
645 3936 671 3987 P
789 3934 822 3989 14
839 3935 974 3990 uideretur
990 3935 1016 3986 P
1134 3935 1167 3988 15
1183 3932 1329 4002 aggerabat

216 4020 285 4076 aab:
314 4019 457 4090 aggerebat
475 4021 501 4072 P
636 4019 668 4074 16
686 4036 794 4090 corpora
812 4021 882 4076 Sat:
904 4023 1013 4089 corpore
1030 4021 1056 4072 P
1185 4019 1329 4073 iandudum

215 4108 312 4161 Pcoor
414 4108 446 4162 17
464 4106 680 4162 fuerisPcorrc
782 4109 815 4162 18
825 4107 1014 4176 pollinctorum
1027 4109 1053 4158 P
1153 4105 1329 4160 uelaminibus

216 4193 285 4248 aco.-
311 4192 528 4247 uoluminibusP
628 4193 662 4246 22
679 4193 828 4262 loquetibus
846 4194 968 4249 Pcorrr
1070 4193 1105 4247 24
1121 4194 1193 4246 certa
1210 4191 1262 4246 Urs

216 4278 252 4333 25
268 4278 385 4332 numinis
409 4278 461 4334 Ura
500 4292 507 4305 ·
