2904 4784
122 296 166 363 56
425 291 568 347 Arnobii
592 292 752 346 aduersus
775 292 932 346 nationes

125 467 218 532 maris
239 467 372 531 insanias
395 464 450 530 aut
470 465 693 546 tempestatum
713 463 830 529 furores
846 463 1016 547 prohibere,
1039 483 1237 546 compescere,

125 586 184 633 non
211 567 307 633 caecis
333 567 496 633 restituere
525 567 645 631 lumina
673 567 728 630 aut
753 566 820 633 siue
847 567 1018 632 luminibus
1044 568 1127 632 natis
1155 568 1237 652 dare,

126 688 186 736 non
207 672 247 736 ad
267 672 366 735 uitam
387 687 529 735 reuocare
550 669 723 745 defunctos,
746 686 808 733 uon
832 686 959 735 6666666
982 668 1148 736 dissoluere
1169 690 1239 754 pas·

126 774 238 838 aiones:
261 772 315 838 sed
337 771 416 854 quod
437 771 631 836 leuissimum
653 771 753 835 multo
775 774 832 849 est,
856 771 1081 851 feruuuculum,
1104 774 1239 841 scabiem

126 877 180 940 aut
201 876 410 940 inhaerentem
432 873 590 956 spinulam
611 873 691 939 callo
715 892 776 938 uua
797 873 1013 940 interdictione
1027 880 1157 941 sanare?
1178 894 1272 941 none

127 997 186 1061 quo
206 979 278 1043 illos
300 996 445 1062 negemus
467 977 522 1042 aut
543 994 664 1041 morum
686 993 752 1040 esse
779 976 960 1058 integritate
986 976 1157 1042 laudabiles
1184 982 1240 1045 aut

128 1100 188 1146 non
209 1082 293 1146 omni
313 1097 423 1164 genere
444 1078 618 1144 studiorum
640 1079 672 1143 et
694 1077 926 1160 disciplinarum
947 1081 1084 1160 paratcs;
1112 1101 1187 1146 nam
1208 1085 1241 1148 61

128 1183 229 1250 uerbis
245 1201 295 1248 eos
311 1181 564 1252 luculentissimis
586 1181 700 1246 scimus
715 1180 800 1260 loqui
814 1183 845 1245 et
862 1182 1132 1262 compositionibus
1146 1184 1240 1252 fluere

128 1285 283 1370 leuigatis,
299 1284 477 1350 concludere
491 1284 668 1349 acutissime
684 1283 891 1366 syllogismos,
913 1282 1054 1359 ordinare
1069 1287 1241 1367 sequaciter

87 1458 89 1463 ,
131 1389 332 1467 inductiones,
355 1403 425 1452 suas
447 1386 570 1452 reddere
592 1384 819 1453 definitionibus
841 1385 999 1464 formulas,
1021 1390 1136 1468 partiri,
1160 1389 1276 1460 diui-10

129 1492 208 1569 dere,
232 1491 332 1555 multa
356 1490 455 1555 dicere
478 1491 515 1554 de
531 1506 730 1554 numerorum
744 1488 915 1570 generibus,
936 1492 1039 1554 multa
1053 1491 1091 1555 de
1105 1493 1242 1572 musicis,

128 1593 326 1677 geometricas
353 1611 401 1659 res
428 1593 522 1657 etiam
550 1590 614 1655 suis
640 1591 725 1655 scitis
747 1592 779 1656 et
800 1593 1058 1673 praeceptionibus
1081 1594 1245 1677 explicare.

46 1697 183 1762 asabsed
199 1696 272 1777 quid
287 1696 370 1760 istud
391 1695 434 1760 ad
451 1697 596 1759 causam?
618 1693 768 1774 numquid
786 1694 1016 1777 enthymemata
1040 1696 1044 1781 1
1070 1697 1243 1781 syllogismi
1325 1738 1331 1753 .

129 1816 236 1879 resque
258 1797 337 1863 aliae
359 1797 478 1862 similes
507 1797 583 1861 scire
610 1795 681 1860 illos
708 1778 869 1861 uenalem
897 1799 1046 1880 spondent
1072 1802 1127 1864 aut
1154 1820 1189 1866 oa
1210 1821 1244 1866 re

130 1901 215 1985 digni
245 1900 318 1967 sunt
335 1900 460 1982 ‚quibus
487 1899 655 1964 necessario
685 1899 794 1964 debeat
828 1898 920 1964 rebus
949 1899 985 1964 de
1018 1901 1242 1970 obscurissimis
1252 1931 1277 1970 rs

130 2003 232 2068 credi?
264 2020 462 2084 personarum
489 2001 641 2066 contentio
670 2018 731 2065 uon
752 2004 801 2066 est
828 2002 1018 2083 eloquentiae
1046 2006 1162 2072 uiribus
1190 2009 1243 2074 sed

130 2106 286 2189 gestorum
308 2123 433 2188 operum
456 2104 571 2168 6161616
592 2105 759 2184 pendenda.
793 2103 848 2168 ille
869 2121 929 2198 nou
949 2108 996 2170 est
1011 2107 1156 2174 dicendus
1172 2130 1242 2176 auc·

130 2210 178 2273 tor
206 2209 318 2286 bonus,
352 2208 405 2290 qui
433 2224 604 2272 sermonem
631 2206 790 2271 candidule
817 2207 985 2289 prompsit,
1014 2212 1065 2276 sed
1088 2213 1140 2293 qui
1163 2214 1244 2295 quod

86 2309 292 2392 ltpollicetur
314 2311 488 2376 diuinorum
508 2327 633 2392 operum
647 2310 840 2391 prosequitur
855 2312 1024 2393 sponsione.
1060 2319 1245 2399 argumenta

131 2432 185 2479 uos
213 2414 299 2478 nobis
328 2416 359 2478 et
386 2411 594 2495 suspicionum
624 2411 763 2495 argutias
784 2411 961 2494 proferatis:
995 2418 1104 2497 quibus
1131 2420 1197 2501 ipse
1217 2424 1279 2488 siro

132 2516 270 2582 Christus
279 2535 394 2582 —cum
409 2535 484 2599 pace
497 2516 554 2580 hoc
568 2517 632 2581 eius
647 2515 679 2580 et
693 2536 763 2581 cum
773 2516 865 2582 uenia
879 2516 1008 2583 dixerim
1016 2502 1244 2604 -populorum

131 2621 164 2684 iu
186 2619 387 2685 conuentibus
409 2619 563 2695 uteretur,
586 2619 654 2699 quis
677 2618 900 2700 adquiesceret,
924 2621 991 2702 quis
1015 2625 1150 2703 audiret,
1174 2628 1244 2709 quis

132 2742 202 2788 eum
224 2723 401 2805 promittere
424 2704 532 2803 aperte'
551 2719 667 2801 aliquid
680 2720 840 2800 iudicaret,
864 2724 919 2787 aut
934 2724 1002 2804 quis
1017 2744 1103 2791 cassa
1117 2731 1148 2793 61
1162 2731 1246 2796 6616

132 2826 312 2902 iactantem,
337 2825 476 2906 quamuis
499 2823 579 2886 esset
600 2822 766 2905 inprudens
789 2823 821 2888 61
842 2822 1002 2891 facilitatis
1025 2830 1168 2909 stolidae,
1196 2853 1245 2898 se-

74 2910 78 2919 *
133 2930 296 3009 queretur?
318 2927 448 2991 uirtutes
470 2925 526 2989 sub
549 2925 647 2990 oculis
661 2925 780 3019 positae
795 2927 827 2990 et
841 2927 983 2993 inaudita
995 2929 1053 2995 illa
1068 2932 1116 2996 uis
1131 2955 1280 3020 rerumne

134 3031 183 3095 uel
205 3048 282 3112 quae
303 3030 341 3094 ab
363 3029 428 3111 ipso
450 3027 566 3092 fiebant
593 3028 700 3110 palam
721 3029 772 3091 uel
794 3026 833 3092 ab
857 3030 922 3093 eius
945 3035 1144 3112 praeconibus
1167 3040 1246 3105 celo-

134 3134 301 3199 brabantur
314 3133 346 3197 in
362 3131 434 3198 orbe
448 3132 523 3208 toto,
539 3131 642 3207 tantas
657 3130 794 3195 subdidit
810 3131 1034 3212 adpetitionum
1051 3137 1192 3206 flammas
1215 3145 1247 3208 61

135 3238 174 3302 ad
194 3237 284 3300 unius
312 3233 504 3300 credulitatis
532 3233 693 3298 adsensum
721 3235 824 3297 mente
854 3253 915 3299 uua
944 3255 1118 3307 concurrere
1140 3247 1247 3327 gentes
1299 3283 1311 3306 2

135 3341 165 3405 et
185 3339 311 3421 populos
333 3336 406 3401 16611
428 3339 458 3401 61
480 3335 617 3401 moribus
640 3335 869 3402 dissimillimas
892 3339 1040 3408 nationes.
1075 3351 1247 3414 enumerari

169 3612 244 3665 lau*
262 3610 288 3663 p
395 3607 602 3663 4fununculum
621 3606 676 3663 aab
786 3607 875 3662 cesse
893 3625 935 3663 om
953 3612 1008 3668 Sub
1067 3646 1072 3652 -
1117 3620 1248 3688 'iperitos

135 3697 190 3751 Sub
291 3693 542 3749 8lcculeutiesimis
559 3693 587 3746 P
685 3692 720 3748 12
736 3693 963 3761 praeceptionibus
986 3699 1052 3754 Urs:
1074 3710 1249 3775 perceptioni·

135 3781 185 3836 bus
203 3781 230 3834 P
330 3779 570 3848 13euthpmematc
582 3777 932 3846 SabreuthymocemataP
1030 3787 1165 3846 redebeat
1178 3794 1249 3852 Sub:

134 3866 247 3920 debeant
263 3866 291 3920 P
403 3865 435 3919 16
453 3863 499 3918 red
520 3863 584 3918 Gal.-
602 3865 629 3917 61
648 3864 674 3917 Ρ
789 3866 821 3919 17
839 3882 893 3921 666
911 3867 967 3921 cdd
985 3870 1039 3925 Sub
1153 3880 1185 3933 18
1202 3883 1250 3950 qui

137 3952 207 4006 Sub.-
233 3951 293 4019 quis
310 3951 338 4004 P
437 3950 471 4004 20
488 3948 628 4017 proferetis
655 3948 705 4009 Gal
734 3950 857 4019 profertis
886 3953 938 4009 Ura
1039 3959 1072 4013 23
1095 3965 1250 4028 promittere

142 4039 206 4093 Urs:
217 4036 385 4106 promitteret
396 4035 424 4088 P
504 4033 601 4102 aliquit
612 4035 640 4089 P
650 4051 711 4090 corr
801 4038 932 4094 iudicaret
950 4041 1016 4096 Urs:
1027 4042 1143 4101 iudicare
1157 4051 1184 4104 P

136 4124 170 4176 24
186 4122 297 4176 stolidae
318 4121 382 4177 Gal:
408 4119 506 4174 6611166
524 4120 552 4173 Ρ
650 4121 686 4176 26
703 4121 785 4177 fiebat
803 4122 858 4178 Sub
961 4127 1160 4188 celebrabantur
1183 4138 1250 4195 ch-

136 4210 223 4262 lerrca:
252 4205 432 4260 celebrabatur
450 4205 476 4258 P
577 4205 846 4278 circumscripsi:
871 4227 900 4263 ea
918 4212 945 4264 P
963 4229 1005 4267 eas
1026 4215 1076 4270 Gal
