2904 4784
666 345 765 401 Liber
787 345 808 401 1.
1252 349 1293 416 29

176 517 310 584 sollicita
343 535 497 594 sacrorum
530 518 715 584 libaminum
737 521 934 602 temporum?
962 537 1022 584 non
1044 521 1127 586 enim
1149 538 1293 604 urgemus

176 624 207 687 et
229 620 405 703 quaerimus
426 639 502 703 quae
524 639 591 688 sese
612 620 779 706 spondeant
802 620 903 688 facere
925 621 975 686 nel
997 621 1029 686 in
1061 623 1172 704 quibus
1201 641 1292 707 gene·
1345 692 1348 697 ,

175 723 261 799 ribus
282 724 418 789 actuum·
431 724 528 789 soleat
549 724 648 789 omnis
671 724 797 788 illorum
819 725 956 790 doctrina
977 726 1008 790 et
1024 724 1209 808 experientia
1224 744 1291 791 eon·

175 826 278 892 tineri.
315 828 384 909 quie
418 827 502 892 enim
528 827 582 892 hos
614 828 732 893 neseiat
758 828 813 892 aut
845 827 1029 893 inminentia
1062 827 1184 893 studere
1205 847 1292 910 prae-

167 944 310 1007 moecere,
334 948 412 1010 qnae
427 930 595 995 necessario
619 929 716 995 uelint
742 929 841 995 nolint
866 930 931 996 suis
945 930 1189 997 ordinationibus
1205 932 1292 997 ueni-

175 1034 246 1110 unt,
283 1034 338 1097 aut
369 1032 560 1098 mortiferam
596 1032 754 1097 inmittere
790 1032 900 1115 quibus
937 1034 1063 1101 libuerit
1097 1033 1201 1099 tabern
1238 1037 1292 1100 aut

175 1134 364 1200 familiarum
387 1133 560 1217 dirumpere
582 1136 725 1201 cantatos
747 1137 801 1200 aut
817 1136 886 1201 sine
911 1136 1050 1201 clunibus
1065 1155 1199 1203 reserare
1214 1154 1292 1217 quae

175 1239 277 1302 clausa
299 1239 372 1303 sunt
409 1239 463 1302 aut
494 1255 547 1302 ors
568 1237 691 1303 silentio
727 1237 843 1304 uincire
880 1240 934 1303 aut
956 1238 988 1303 in
1010 1238 1171 1305 curriculis
1199 1257 1291 1320 equos

175 1340 335 1405 debilitare
368 1341 497 1415 incitare
529 1341 650 1406 tardare
685 1344 739 1406 aut
772 1341 915 1406 uxoribus
948 1342 979 1406 et
1012 1341 1117 1407 liberie
1143 1341 1377 1428 fedeniacus

142 1443 239 1508 usiae
261 1443 311 1508 illi
340 1462 439 1509 mares
468 1445 541 1510 sunt
569 1445 634 1510 siue
664 1443 788 1509 feminei
817 1444 953 1528 generis,
987 1443 1155 1510 inconcessi
1177 1444 1290 1510 amoris

174 1545 313 1611 flammas
335 1548 366 1611 et
388 1546 515 1612 furiales
542 1547 712 1612 immittere
742 1546 927 1630 cupiditates
949 1548 1003 1612 aut
1025 1547 1051 1611 si
1074 1547 1152 1613 utile
1173 1547 1291 1630 aliquid

174 1648 338 1715 uideantur
360 1649 485 1728 audere,
502 1669 575 1722 non
597 1650 718 1734 propria
739 1649 772 1714 ui
794 1667 881 1732 posse
902 1651 956 1715 sed
978 1668 1085 1714 eorum
1107 1668 1181 1732 quos
1203 1651 1290 1715 inuo-

174 1756 246 1818 cant
273 1754 447 1835 potestate?
484 1754 592 1835 atquin
619 1753 759 1818 const'tit
781 1751 940 1817 Christum
968 1754 1033 1819 eine
1059 1753 1134 1818 ullis
1156 1753 1339 1818 admini·ll

174 1856 251 1920 culis
273 1875 385 1934 rerum,
410 1856 475 1921 eins
496 1855 592 1921 ullius
613 1856 692 1920 ritus
714 1855 925 1921 obseruatione
947 1855 996 1920 uel
1019 1856 1087 1940 lege
1109 1857 1212 1921 omnia
1233 1856 1291 1922 illa

142 1978 164 2015 1⁵
174 1977 250 2039 quae
273 1957 346 2024 fecit
367 1958 498 2022 nominis
521 1958 569 2023 sui
590 1957 795 2039 possibilitate
828 1958 935 2023 fecisse
958 1959 989 2023 et
1003 1998 1006 2004 .
1020 1958 1100 2040 quod
1132 1958 1289 2041 proprium

174 2062 411 2128 consentaneum
435 2060 565 2145 dignum
590 2061 646 2125 deo
661 2060 763 2127 fuerat
778 2079 859 2138 uero,
875 2059 954 2125 nihil
970 2078 1079 2126 nocens
1094 2062 1149 2126 aut
1164 2061 1289 2127 noxium
1305 2077 1311 2088 ’

174 2162 225 2227 sed
247 2163 413 2245 opiferum,
444 2162 498 2226 sed
520 2163 667 2240 salutare,
691 2161 744 2228 sed
766 2162 922 2228 auxiliaris
944 2163 1069 2245 plenum
1092 2162 1180 2227 nobis
1202 2164 1289 2246 pote·

173 2266 262 2331 statis
295 2265 440 2332 munifica
472 2265 659 2331 liberalitate
692 2269 827 2331 donasse.
865 2266 938 2347 quid
973 2265 1075 2332 dicitis
1109 2284 1126 2330 o
1155 2266 1339 2331 iterumm

174 2388 245 2454 ergo
268 2369 323 2434 ille
344 2356 483 2435 mortalis
505 2371 560 2434 aut
580 2388 659 2433 unus
675 2367 735 2433 fuit
750 2387 766 2432 e
781 2367 877 2446 nobie,
901 2368 988 2434 euius
1003 2368 1178 2451 imperium,
1203 2369 1289 2434 ouius

140 2489 280 2538 auooem
312 2472 512 2554 popularibus
545 2473 577 2536 et
609 2470 770 2536 cotidianis
802 2470 904 2535 uerbis
936 2471 1063 2537 missam
1097 2471 1289 2537 ualetudinee

173 2576 273 2641 morbi
296 2574 394 2640 febres
416 2575 507 2656 atque
533 2574 594 2639 alia
609 2592 768 2656 corporum
783 2573 991 2639 cruciamenta
1006 2573 1188 2658 fugiebant?
1210 2592 1289 2641 unue

174 2676 234 2743 fnit
257 2698 272 2742 e
294 2677 392 2755 nobie,
417 2679 503 2742 cuius
525 2676 740 2759 praesentiam,
763 2676 849 2742 cuius
865 2677 968 2742 uisum
982 2695 1056 2760 gene
1071 2677 1129 2742 illa
1143 2678 1289 2759 nequibat

174 2779 253 2846 ferre
274 2799 443 2846 mersorum
465 2780 497 2844 in
515 2779 689 2845 uisceribus
716 2780 900 2844 daemonum
922 2780 1146 2862 conterritaque
1161 2781 1193 2844 ui
1208 2797 1289 2847 nous
1314 2785 1318 2799 “

172 2886 382 2950 membrorum
418 2882 607 2964 possessione
637 2882 788 2947 cedebat?
821 2901 899 2948 unus
933 2883 994 2948 fuit
1020 2901 1036 2948 e
1065 2883 1167 2963 nobis,
1201 2884 1288 2948 ouius

139 2985 278 3051 asfoedae
301 2985 474 3069 uitiligines
496 2984 625 3050 iussioni
639 2985 893 3068 obtemperabant
908 2986 1015 3067 pulsae
1039 2986 1148 3051 statim
1171 2990 1202 3051 et
1216 3005 1288 3052 eon·

174 3089 308 3154 cordiam
330 3089 465 3154 colorum
488 3089 719 3153 commaculatis
740 3088 862 3152 cutibus
877 3088 1113 3170 relinquebant?
1135 3107 1212 3152 unus
1228 3088 1288 3154 fuit

137 3250 140 3268 ,
174 3211 190 3256 e
212 3193 307 3270 nobie,
331 3193 417 3258 cuius
440 3212 475 3256 en
497 3192 560 3256 leui
582 3193 667 3256 tactu
689 3192 813 3257 stabant
834 3191 985 3272 profluuia
1006 3192 1164 3275 sanguinis
1187 3193 1219 3256 et
1240 3193 1288 3257 in-

173 3296 345 3360 moderatos
369 3295 550 3360 cohibebant
571 3294 704 3360 fluores?
726 3313 804 3364 unus
828 3294 887 3359 fuit
909 3295 1047 3374 euobis,
1071 3296 1157 3360 cuius
1180 3314 1287 3360 manue

173 3399 338 3463 intercutes
362 3399 392 3462 et
415 3399 592 3463 ueternosae
615 3397 774 3480 fugiebant
789 3397 899 3477 undae,
922 3397 1122 3480 penetrabilis
1137 3397 1191 3462 ille
1206 3397 1288 3462 uita·

137 3501 228 3565 nebat
255 3501 356 3583 liquor
386 3502 417 3565 et
438 3501 595 3584 turgentia
628 3500 745 3566 uiscera
778 3500 907 3565 salutari
941 3501 1086 3565 ariditate
1113 3499 1288 3565 deflabant?

208 3841 393 3895 leollititaP
408 3857 468 3895 corr
571 3856 694 3909 urgemus
714 3840 782 3894 Sub:
800 3855 924 3909 urgemur
937 3841 963 3892 P
1063 3839 1204 3895 3actuum
1218 3841 1287 3897 Sub:

174 3929 300 3983 aotumP
401 3913 612 3981 ”lfamiliarium'
625 3929 676 3981 Urs
779 3927 946 3996 8aequosP
1048 3926 1081 3981 10
1097 3926 1220 3983 sinistro

172 4014 296 4077 feminaei
313 4016 338 4066 P
439 4013 472 4066 12
488 4012 611 4067 uideatur
629 4011 683 4066 sao
797 4013 829 4068 15
846 4012 963 4066 numinis
986 4013 1038 4067 Urs
1142 4014 1172 4069 17
1191 4014 1286 4068 auxili-

172 4102 397 4156 arieMemmc'cs:
410 4098 621 4154 auxiliaribusP
697 4098 783 4168 nobis]
797 4097 873 4154 bonis
891 4100 940 4152 Urs
1019 4098 1051 4152 18
1064 4097 1188 4152 munifica
1200 4099 1286 4153 Mem·

172 4189 256 4242 miae:
285 4188 425 4241 munificae
442 4189 468 4238 P
579 4186 612 4239 26
630 4185 735 4240 cutibus
752 4187 864 4256 scripsi:
882 4185 1027 4240 uisceribus
1045 4186 1071 4237 P
1179 4184 1214 4238 30
1229 4189 1287 4238 tur·

173 4275 264 4342 gentia
283 4273 351 4327 Sub:
369 4273 489 4341 turgenti
507 4274 532 4323 P
632 4269 782 4325 defluebant
805 4273 858 4328 Ure
