2904 4784
659 336 758 392 Liber
781 338 802 391 I.
1245 340 1287 406 39

167 511 339 593 antiquitas
361 509 542 594 plenissima
563 511 663 575 mater
685 509 727 574 sit
748 510 780 574 et
802 527 863 573 non
883 509 951 589 ipsa
982 509 1134 591 pepererit
1166 528 1215 574 res
1236 528 1287 574 eas

170 632 247 695 quae
279 613 477 696 turpissimas
510 613 569 678 diis
602 613 691 676 notae
722 610 934 695 ignominiosis
968 612 1227 676 concinnauerunt
1254 612 1286 677 in

170 717 292 782 fabulis.
331 718 403 781 ante
424 716 513 781 milia
535 715 616 779 enim
639 733 790 779 annorum
812 714 915 779 decem
938 733 998 779 non
1019 714 1186 795 potuerunt
1208 714 1289 780 falsa

169 822 201 884 et
221 818 324 884 audiri
347 819 378 884 et
399 818 481 884 credi
502 820 557 883 aut
579 835 639 882 non
661 816 858 882 simillimum
879 817 946 881 ueri
968 816 1025 898 eet,
1059 816 1151 881 fidem
1173 816 1285 882 uicinis

102 968 105 973 -
150 924 202 988 set
221 920 365 986 finitimis
388 940 481 1003 quam
503 920 674 1001 spatiorum
705 920 804 985 inesse
826 919 1054 1002 longinquitate
1076 918 1286 984 distantibus?

169 1024 301 1089 testibus
324 1023 407 1088 enim
428 1025 518 1105 haec,
552 1022 608 1087 illa
635 1022 829 1103 opinionibus
852 1021 1033 1086 adseruntur
1061 1022 1092 1086 et
1119 1021 1285 1102 procliuius

169 1127 269 1191 multo
291 1126 348 1209 est,
371 1127 475 1190 minus
497 1143 562 1191 esse
584 1126 617 1189 in
638 1124 812 1191 recentibus
834 1124 967 1189 fictionis
991 1143 1083 1206 quam
1104 1124 1137 1189 in
1159 1124 1286 1206 antiqua

171 1228 357 1294 obscuritate
384 1229 556 1293 summotis.
594 1228 650 1297 sed
676 1227 714 1292 ab
744 1227 875 1292 indoctis
904 1226 1080 1291 hominibus
1103 1227 1134 1291 et
1155 1226 1336 1295 rudibusiss

170 1331 284 1412 scripta
306 1332 381 1396 sunt
403 1331 568 1395 etidcirco
590 1346 651 1394 non
673 1333 745 1395 sunt
760 1329 846 1394 facili
861 1328 1018 1394 auditione
1033 1329 1190 1394 credenda.
1213 1328 1284 1392 uide

140 1452 207 1498 rone
227 1433 329 1517 magis
350 1433 425 1498 baec
447 1433 554 1498 fortior
576 1450 668 1498 causa
688 1433 739 1509 sit,
763 1449 817 1495 cur
831 1431 887 1495 illa
901 1432 964 1496 sint
979 1431 1075 1495 nullis
1091 1431 1285 1512 coinquinata

170 1536 346 1615 mendaciis,
369 1535 472 1600 mente
493 1534 629 1618 simplici
644 1535 766 1615 prodita
780 1535 811 1599 et
831 1533 938 1617 ignara
952 1533 1112 1598 lenociniis
1127 1533 1283 1615 ampliare.
1327 1607 1333 1625 Ι

169 1640 304 1704 triuialis
327 1640 359 1704 et
380 1639 521 1704 sordidus
543 1657 642 1703 sermo
670 1641 724 1703 est.
755 1657 924 1719 numquam
942 1638 1024 1702 enim
1039 1637 1154 1702 ueritas
1170 1638 1286 1702 sectata

170 1745 216 1807 est
236 1742 345 1807 fucum
374 1761 431 1806 nec
458 1741 538 1823 quod
571 1742 760 1823 exploratum
783 1743 954 1807 etcertum
977 1741 1024 1805 est
1046 1740 1230 1805 circumduci
1253 1758 1284 1804 se

169 1845 289 1927 patitur
311 1844 459 1910 orationis
481 1863 535 1927 per
557 1844 710 1908 ambitum
738 1844 916 1928 longiorem.
954 1843 1145 1909 collectiones
1173 1843 1284 1924 enthy-

140 1968 161 2005 1⁵
169 1950 305 2014 memata
338 1949 528 2014 definitiones
567 1949 729 2030 omniaque
764 1949 821 2013 illa
857 1950 1036 2013 ornamenta
1067 1948 1177 2031 quibus
1210 1946 1284 2012 fides

169 2051 328 2132 quaeritur
350 2053 516 2118 adsertioni
538 2053 727 2135 suspicantes
750 2052 913 2129 adiuuant,
949 2070 1008 2116 non
1030 2052 1172 2117 ueritatis
1195 2051 1285 2115 linia-

169 2157 274 2220 menta
309 2153 529 2219 demonstrant.
568 2156 702 2218 ceterum
735 2155 787 2236 qui
821 2155 895 2232 scit,
930 2156 1003 2237 quid
1032 2155 1074 2220 sit
1103 2152 1182 2219 illud
1205 2153 1285 2234 qnod

169 2258 296 2331 dicitur,
330 2275 385 2321 neo
417 2257 524 2322 definit
550 2275 605 2323 nec
633 2257 754 2340 colligit
787 2275 883 2340 neque
911 2258 974 2322 alia
995 2258 1131 2322 sectatur
1152 2254 1286 2321 artificia

170 2361 346 2440 uerborum,
369 2360 481 2441 quibus
504 2360 571 2442 capi
593 2361 731 2424 consueti
745 2361 817 2424 sunt
832 2360 991 2425 audientes
1007 2361 1038 2425 et
1053 2361 1092 2424 ad
1107 2376 1286 2424 consensum

139 2464 212 2528 cerei
240 2463 532 2545 circumscriptionis
561 2463 745 2529 necessitate
774 2463 903 2527 traduci.
940 2454 1152 2540 barbarismis,
1187 2462 1280 2527 soloe·
1294 2468 1332 2530 tt

168 2566 273 2630 cismis
295 2565 413 2630 obsitae
435 2566 517 2642 sunt,
544 2565 549 2648 Ι
573 2566 684 2647 inquit,
708 2584 756 2629 res
778 2567 898 2629 uestrae
920 2567 952 2629 et
973 2565 1122 2630 uitiorum
1137 2565 1351 2630 deformi-aaa

167 2668 231 2731 tate
252 2668 398 2750 pollutae.
436 2668 565 2751 puerilis
588 2687 660 2733 sane
682 2669 776 2749 atque
798 2668 921 2751 angusti
936 2668 1068 2750 pectoris
1082 2666 1280 2750 reprehensio,

168 2789 261 2851 quam
283 2770 310 2834 si
333 2770 536 2835 admittemus
559 2774 595 2835 ut
616 2789 689 2835 uera
710 2771 768 2848 sit,
791 2770 961 2835 abiciamus
984 2789 1020 2834 ex
1042 2770 1148 2835 usibus
1170 2770 1280 2834 nostris

169 2872 359 2954 quorundam
388 2872 546 2937 fructuum
574 2892 700 2957 genera,
735 2875 816 2955 quod
844 2892 914 2938 oum
942 2874 1037 2956 spinis
1064 2873 1230 2938 nascuntur
1252 2874 1282 2938 et

137 2975 380 3058 spurgamenue
401 2975 488 3052 aliis,
518 2994 595 3057 quae
616 2995 672 3040 nec
693 2977 775 3040 alere
795 2993 850 3040 nos
872 2978 999 3057 possunt
1021 2994 1076 3041 neo
1098 2977 1199 3039 tamen
1221 2976 1281 3040 im-

167 3077 298 3157 pediunt
319 3077 435 3158 perfrui
457 3094 512 3143 nos
535 3096 580 3156 eo,
603 3081 683 3159 quod
704 3078 915 3160 principaliter
937 3113 952 3142 s
970 3077 1121 3144 antecedit
1142 3079 1173 3141 et
1198 3079 1282 3143 salu·

168 3178 336 3243 bcrrimum
357 3178 445 3244 nobis
468 3180 568 3244 uoluit
590 3199 655 3246 esse
670 3181 789 3245 natura.
814 3182 887 3263 quid
904 3182 985 3245 enim
1000 3180 1103 3257 officit,
1125 3199 1279 3263 oquaeso,

169 3281 223 3345 aut
244 3300 339 3363 quam
361 3282 498 3376 praestat
519 3282 690 3347 intellectui
712 3284 899 3363 tarditatem,
923 3285 1066 3348 utrumne
1087 3283 1160 3365 quid
1175 3284 1281 3366 glabre

201 3569 216 3621 1
234 3584 328 3636 easque
345 3585 379 3622 oc.
398 3569 434 3624 ul.
453 3569 480 3622 P
580 3569 598 3621 4
616 3570 691 3638 gredi
710 3573 734 3621 P
750 3586 810 3624 corr
911 3570 927 3623 6
945 3569 1088 3638 proclibius
1106 3570 1133 3623 P
1150 3587 1213 3625 corr

167 3653 200 3706 10
217 3669 278 3707 cum
296 3652 350 3708 Sub
475 3654 508 3713 11
526 3654 659 3709 mendacis
677 3660 703 3709 P
719 3672 811 3710 corrc
935 3655 1061 3708 lenocinia
1080 3656 1104 3706 P
1120 3671 1213 3710 corre

166 3737 200 3791 13
217 3744 243 3792 ot
260 3741 361 3792 certum
379 3743 405 3792 P
505 3739 538 3792 16
555 3740 696 3795 adsertioni
719 3742 783 3795 Urs.-
807 3740 966 3794 adsertionis
984 3742 1010 3791 P
1110 3740 1240 3795 odiebant
1257 3744 1283 3793 P

167 3837 254 3877 corre
354 3824 387 3877 21
404 3824 607 3893 inquichorr
707 3829 812 3881 nostrae
830 3829 885 3882 Sub
898 3829 1002 3882 corrc'rc
1015 3845 1061 3882 err
1162 3828 1280 3883 22sanie

167 3911 193 3962 P
206 3924 268 3963 corr
371 3909 455 3978 adque
473 3915 596 3967 Pcorrc
696 3914 729 3967 23
747 3914 918 3968 admittemus
935 3914 1164 3969 Haldebruudc'us:
1183 3914 1279 3969 admit·

165 3996 279 4048 teremm
292 3995 320 4048 P
330 3995 498 4049 admittimus
517 3997 569 4051 Urs
669 3999 702 4052 26
714 4000 843 4053 lacunam
854 4001 977 4070 siqooui:
989 4001 1157 4055 intercidisse
1168 4001 1281 4057 uidetur

165 4078 313 4134 allicientia
335 4080 381 4134 cccl
402 4081 487 4135 simila
508 4080 575 4150 quid
710 4084 743 4135 27
766 4086 851 4138 uoluit
874 4086 928 4139 Sub
951 4087 983 4140 iu
1001 4101 1061 4140 err:
1084 4087 1171 4141 ualuit
1189 4089 1215 4138 P

166 4165 235 4218 aoP
336 4165 371 4218 28
388 4165 498 4220 inlectui
515 4166 639 4220 Pcorrc
736 4169 904 4224 standitatom
917 4172 944 4225 P
1047 4173 1139 4242 glabre
1156 4173 1281 4227 Grotius.-

165 4266 245 4318 graue
262 4252 290 4305 P
