2904 4784
474 1246 695 1357 alasa
732 1247 1005 1358 PRIMVS

224 1499 383 1599 Quoniam
405 1534 539 1617 comperi
566 1535 745 1613 nonnullos,
775 1536 828 1617 qui
851 1554 884 1600 se
905 1536 1075 1619 plurimum
1105 1554 1211 1621 sapere
1232 1539 1324 1604 suisl

175 1637 426 1720 persuasionibus
455 1637 593 1716 credunt,
622 1638 767 1717 insanire,
798 1638 941 1704 bacchari
970 1641 1001 1703 et
1030 1640 1119 1704 uelut
1148 1639 1296 1720 quiddam

178 1741 358 1822 promptum
380 1759 416 1804 ex
438 1739 560 1805 oraculo
590 1739 706 1805 dicere:
734 1742 895 1823 postquam
911 1759 975 1806 esse
998 1741 1031 1806 in
1052 1741 1166 1806 mundo
1190 1740 1296 1808 chris-

155 1843 265 1907 etiana
284 1861 359 1926 gens
379 1841 488 1924 coepit,
509 1842 660 1908 tanarum
675 1844 781 1908 orbem
795 1843 920 1925 perisse,
944 1843 1189 1909 multiformibus
1204 1844 1295 1910 malis

179 1946 324 2010 affectum
346 1963 410 2009 esse
433 1963 528 2029 genus
550 1945 736 2024 humanum,
767 1945 850 2027 ipsos
877 1947 971 2010 etiam
993 1945 1116 2011 caelites
1139 1945 1293 2013 derelictis

179 2048 262 2112 curis
284 2047 500 2125 sollemnibus,
528 2047 639 2129 quibus
662 2049 816 2130 qnondam
839 2048 980 2114 solebant
1000 2049 1132 2114 inuisere
1154 2068 1201 2114 res
1223 2068 1294 2115 nos·

180 2151 256 2229 tras,
279 2153 432 2215 terrarum
447 2150 485 2214 ab
501 2149 677 2234 regionibus
699 2152 930 2217 exterminatos:
953 2151 1048 2216 statui
1070 2169 1124 2234 pro
1147 2156 1239 2234 captu
1261 2172 1296 2218 ac
1373 2237 1376 2243 Ι

180 2253 394 2318 mediocritate
417 2252 564 2317 sermonis
587 2253 739 2318 contraire
761 2252 897 2319 inuidiae
920 2256 951 2318 ot
967 2254 1169 2319 calumniosas
1185 2255 1295 2320 dissol-

144 2376 253 2421 rouere
273 2354 518 2434 criminationes,
542 2375 582 2420 ne
604 2358 659 2420 aut
682 2355 731 2418 illi
754 2355 814 2420 sibi
837 2355 1016 2440 uideantur,
1038 2357 1199 2440 popularia
1221 2358 1295 2423 dnm

180 2458 273 2523 uerba
302 2459 498 2541 depromunt,
529 2476 676 2541 magnum
706 2458 827 2540 aliquid
856 2458 955 2524 dicere
978 2460 1032 2525 aut
1053 2461 1080 2523 si
1102 2477 1156 2524 nos
1178 2461 1295 2526 talibus

180 2560 422 2626 continuerimus
445 2560 483 2623 ab
506 2561 629 2640 litibus,
653 2561 823 2625 obtinuisse
846 2580 879 2625 se
901 2580 1024 2627 causam
1047 2563 1157 2644 putent
1179 2562 1296 2628 uictam

180 2664 230 2728 sui
252 2663 328 2728 uitio
343 2682 403 2727 non
418 2664 609 2728 adsertorum
624 2663 746 2727 silentio
762 2664 956 2728 destitutam.
992 2682 1089 2745 neque
1105 2665 1187 2729 enim
1203 2683 1296 2750 nega-

180 2767 281 2832 uerim
303 2765 530 2832 ualidissimam
553 2785 617 2831 esse
640 2767 863 2831 accusationem
878 2766 971 2831 istam
986 2767 1211 2849 hostilibusque
1226 2786 1297 2833 con·

141 2870 292 2954 redigms
315 2871 393 2935 odiis
416 2888 470 2933 nos
494 2889 574 2948 esse,
597 2870 624 2934 si
646 2869 727 2950 apud
749 2889 805 2935 nos
828 2887 892 2934 esse
907 2870 1082 2934 constiterit
1104 2888 1220 2949 causas,
1244 2889 1298 2955 per

181 2991 256 3054 quas
284 2974 347 3037 suis
378 2973 509 3037 mundus
533 2973 687 3037 aberrauit
710 2972 746 3036 ab
770 2972 908 3056 legibus,
938 2972 1133 3037 exterminati
1159 2975 1231 3038 suut
1253 2974 1297 3038 dii

125 3053 136 3072 ²
180 3075 286 3160 longe,
320 3075 578 3140 examinatam
614 3093 785 3140 maerorum
822 3075 1002 3140 mortalium
1035 3074 1189 3157 inportata
1222 3077 1295 3140 sunt

181 3178 320 3244 saeculis.
354 3177 554 3260 inspiciamus
583 3177 680 3261 igitur
710 3177 861 3259 opinionis
887 3177 977 3242 istius
1010 3180 1147 3242 mentem
1180 3179 1211 3242 et
1240 3177 1331 3247 hocz

181 3281 263 3362 quod
296 3280 409 3346 dicitur
441 3280 531 3362 quale
564 3280 607 3345 sit
639 3282 861 3362 summotisque
894 3279 1035 3346 omnibus
1069 3281 1297 3345 contentionum

139 3383 308 3461 aestudiis,
335 3383 445 3465 quibus
467 3383 622 3448 obscurari
645 3384 676 3447 ot
697 3383 819 3468 contegi
847 3382 1063 3466 contemplatio
1085 3401 1188 3448 rernm
1210 3383 1296 3464 solet,

180 3506 219 3550 an
241 3486 284 3551 sit
305 3485 389 3550 istud
411 3486 491 3567 quod
513 3486 626 3551 dicitur
649 3505 769 3569 uerum,
794 3487 1018 3550 momentorum
1039 3485 1160 3566 parium
1183 3487 1298 3550 exami-

180 3590 302 3654 natione
335 3589 513 3672 peudamus.
560 3588 708 3653 efficietur
737 3590 818 3654 enim
848 3589 981 3672 profecto
1009 3589 1165 3654 rationum
1194 3606 1297 3655 conse·

178 3691 342 3773 quentium
358 3691 511 3773 copulatu,
534 3693 570 3756 ut
591 3709 651 3755 non
672 3692 760 3773 impii
783 3708 838 3755 nos
860 3691 961 3776 magis
977 3691 1030 3756 sed
1044 3690 1093 3756 illi
1109 3689 1170 3774 ipsi
1183 3694 1297 3773 reperi·

215 3980 247 4032 12
265 3996 280 4032 a
298 3978 354 4034 Sub
457 3979 490 4033 14
507 3979 606 4033 histam
621 3980 720 4034 Pcorr
822 3980 855 4033 15
872 3979 936 4034 odii·
952 3980 980 4033 P
1082 3980 1115 4033 16
1131 3982 1298 4036 exterminati

177 4079 280 4130 sumus,
303 4065 365 4118 dum
385 4065 465 4133 louge
483 4064 537 4119 Sat
559 4064 753 4119 exterminandi
771 4080 870 4131 sumus,
890 4066 913 4119 si
930 4081 976 4134 per
993 4081 1041 4120 nos
1064 4064 1298 4122 aeterternam

175 4149 264 4203 simus
280 4150 367 4218 longe,
385 4150 449 4204 dum
466 4151 605 4206 Macrales
708 4151 739 4205 17
759 4152 905 4205 moralium
920 4153 948 4206 P
1050 4153 1082 4206 19
1100 4154 1300 4223 summotisque]

175 4250 282 4289 summo
300 4251 382 4304 usque
400 4234 454 4290 aaa
557 4237 591 4290 23
608 4237 790 4305 repperiantur
806 4237 834 4290 P

1160 4341 1207 4393 ῃ
