2904 4784
409 1254 630 1364 LIBER
672 1251 1051 1364 SECVNDVS

214 1509 288 1612 Hoc
309 1545 343 1611 in
363 1546 431 1610 loco
453 1545 549 1610 tribui
571 1544 598 1608 si
620 1543 686 1609 ulla
708 1542 840 1608 facultas
862 1546 981 1625 posset,
1012 1543 1128 1609 uellem
1150 1561 1220 1607 oum
1241 1541 1315 1607 hisl

171 1650 311 1715 omnibus
333 1648 446 1731 quibus
470 1666 581 1712 nomen
602 1647 741 1711 inuisum
764 1647 812 1711 est
837 1644 952 1710 Christi
974 1645 1013 1709 ab
1034 1646 1180 1712 inst'tuta
1205 1645 1290 1727 prin·

173 1753 312 1835 oipaliter
346 1749 520 1816 defensione
553 1748 741 1814 deuerticulo
779 1748 934 1831 paulisper
970 1748 1052 1813 facto
1087 1749 1166 1813 talia
1197 1749 1291 1813 uerba

150 1856 312 1923 smiseere:
344 1855 372 1919 si
394 1855 514 1919 nullum
535 1870 601 1918 esse
616 1852 729 1917 ducitis
746 1852 965 1916 contumeliam
979 1852 1158 1933 respondere
1173 1849 1291 1933 aliquid

174 1958 386 2042 interrogatos,
410 1956 589 2022 edissertate
611 1955 699 2020 nobis
722 1959 752 2019 et
775 1954 884 2019 dieite:
908 1954 982 2037 quid
1003 1955 1063 2033 rei,
1086 1955 1160 2037 qnid
1183 1972 1291 2019 causae

175 2062 228 2138 est,
250 2060 333 2143 quod
354 2060 422 2149 tam
444 2058 591 2143 grauibus
613 2057 810 2123 insectamini
825 2055 984 2122 Christum
999 2057 1099 2136 bellis,
1122 2059 1172 2124 nel
1192 2055 1197 2143 Ι
1215 2075 1291 2140 quas
1303 2074 1320 2125 f.
1330 2069 1376 2125 arb

175 2165 238 2229 eius
265 2163 430 2228 continetis
458 2161 604 2240 offensas,
633 2162 670 2226 ut
692 2160 817 2225 adeius
845 2160 978 2225 nominis
999 2161 1187 2226 mentionem
1208 2161 1291 2226 rabi-

175 2267 282 2333 dorum
303 2266 463 2348 pectorum
485 2263 690 2329 efferuesoatis
713 2263 896 2328 ardoribus?
920 2263 1070 2344 numquid
1092 2265 1210 2348 regiam
1232 2263 1292 2327 sibi

137 2393 166 2433 ιο
175 2368 334 2433 uindicans
354 2368 542 2450 potestatem
569 2369 724 2432 terrarum
751 2366 855 2430 orbem
884 2367 1028 2431 cunctum
1050 2367 1223 2449 legionibus
1244 2367 1293 2430 in-

176 2470 352 2537 festissimis
375 2468 537 2553 ooe'upauit
559 2471 591 2534 et
613 2471 735 2551 poeotes
757 2468 796 2533 ab
819 2468 940 2533 exordio
961 2469 1099 2534 nationes
1119 2470 1194 2534 alias
1210 2470 1293 2534 dole-

182 2575 230 2638 uit
250 2593 285 2640 ao
308 2574 436 2639 sustulit
457 2572 535 2655 olias
560 2572 620 2637 sibi
634 2591 739 2654 parere
754 2571 921 2636 ceruicibus
936 2573 1085 2654 compulit
1100 2573 1294 2657 subiugatis?

180 2677 330 2759 numquid
352 2676 511 2742 ardoribus
533 2676 683 2741 auaritiae
703 2675 835 2758 flagrans
858 2674 1014 2739 uniuersas
1036 2692 1107 2756 opes
1121 2675 1203 2753 illes,
1225 2677 1295 2757 qui·

177 2779 234 2845 bus
255 2798 289 2845 se
310 2797 407 2863 genus
428 2778 599 2844 humanum
613 2779 749 2844 studiose
770 2776 928 2842 contendit
941 2779 1074 2861 impleri,
1097 2779 1294 2860 possessionis

139 2898 248 2950 rosnae
278 2882 431 2964 mancipio
464 2880 658 2946 uindicauit?
692 2879 842 2962 numquid
875 2879 1040 2945 libidinum
1074 2881 1294 2963 cupiditatibus

176 2985 311 3068 gestiens
339 2984 504 3066 pudicitiae
533 2985 679 3069 repagula
700 2984 733 3048 ui
755 2982 849 3067 fregit
877 2984 932 3048 aut
959 2984 1068 3049 alienis
1090 2984 1198 3048 furtim
1219 2985 1295 3050 insi·

177 3088 278 3153 dietim
294 3090 341 3154 est
354 3088 583 3154 matrimoniis?
604 3086 755 3170 numquid
769 3088 965 3172 adrogantiae
980 3089 1142 3169 supercilio
1156 3089 1295 3154 tumidus

177 3190 304 3257 iniurias
326 3191 358 3254 et
372 3191 573 3256 contumelias
587 3191 703 3274 passim
717 3191 781 3256 sine
796 3190 891 3256 ullius
906 3208 1051 3273 personae
1067 3191 1295 3258 discuminibns

178 3293 354 3376 inrogauit?
376 3297 407 3359 et
429 3310 490 3358 non
511 3295 546 3358 in
568 3295 693 3360 cunctos
714 3295 746 3358 et
763 3295 870 3359 lumen
883 3295 1056 3376 praetendit
1069 3296 1154 3360 uitae
1167 3296 1199 3360 et
1212 3297 1325 3377 peri-t

213 3577 405 3634 4diuerticulo
424 3580 480 3635 Sub
562 3579 717 3649 '5aliquit
736 3582 763 3634 P
780 3597 873 3637 corre
982 3584 1075 3652 dquit
1093 3586 1120 3638 P
1137 3600 1229 3639 corre

181 3664 320 3719 doliceus
337 3666 366 3720 P
483 3666 642 3735 tuumquit
660 3667 687 3720 P
703 3681 765 3720 corr
782 3671 806 3722 ε’
926 3669 960 3722 13
977 3669 1101 3738 numquit
1125 3671 1153 3724 P
1168 3685 1229 3725 corr

182 3749 214 3805 14
231 3760 309 3819 genus
327 3750 355 3804 P
455 3751 589 3806 studiosae
605 3751 633 3805 P
735 3752 768 3806 15
785 3755 948 3822 numquitP
960 3764 1022 3809 corr
1125 3755 1157 3808 ll
1174 3756 1298 3825 numquit

182 3833 278 3890 Pooer
370 3836 571 3891 multisonus
584 3836 789 3893 Kluesmcnuos
879 3839 912 3894 19
925 3839 955 3893 in
968 3840 1085 3910 cunctos]
1098 3840 1230 3896 cunctis?

181 3920 328 3989 praetendit
344 3922 457 3992 scripsi.-
479 3922 658 3992 praetenderit
676 3924 704 3977 P

278 4006 490 4074 rure-5220
511 4009 543 4063 tu
566 4008 594 4063 P
619 4010 657 4063 sic
682 4025 710 4064 sc
733 4010 944 4078 capemenas
966 4026 1019 4065 non
1036 4033 1084 4069 sssss
1104 4012 1220 4067 omnium
1243 4015 1297 4068 uir-

182 4089 269 4144 tutum
286 4115 323 4151 us·
340 4122 374 4131 -
391 4092 520 4146 malorum
538 4095 615 4148 tanta
632 4095 779 4164 experiatur
797 4097 916 4150 examine
933 4098 1024 4150 utrum
1043 4121 1091 4157 uso
1108 4096 1137 4151 in
1149 4100 1257 4153 cunctos
1269 4103 1296 4155 et

182 4174 271 4231 lumen
286 4176 465 4246 praetenderit
476 4201 524 4236 cuo
535 4209 568 4218 -
587 4179 701 4247 quadam
718 4178 857 4234 dnleedino
874 4183 953 4251 atque
964 4206 1001 4243 ns
1013 4199 1046 4237 ne
1063 4183 1140 4237 illum
1157 4184 1238 4239 tellus
1250 4207 1298 4242 sssss

184 4274 206 4316 c.
222 4274 248 4330 q.
264 4276 287 4319 o.
303 4260 342 4317 od
357 4263 443 4318 uerba
459 4263 488 4317 in
504 4267 612 4319 canoto·
630 4265 763 4319 etlumen
780 4263 927 4322 adnotabit
942 4282 1041 4323 moues
1056 4269 1190 4338 quaedam
1206 4282 1298 4326 reccu-
1331 4270 1333 4275 '
