2904 4784
1215 320 1255 380 11

141 493 276 574 scriptus
300 495 347 557 est
361 492 583 576 corrigebatur.
606 495 688 576 quod
708 495 748 560 ad
769 496 859 560 notas
882 493 1005 572 attinet,
1027 513 1089 560 uno
1110 494 1177 561 loco
1199 514 1256 562 an·

139 612 231 660 corae
253 596 377 680 signum
399 598 552 678 reperitur
576 596 696 684 (40,19
719 598 757 664 cf.
780 615 860 664 mus.
883 597 981 662 Rhen.
1003 615 1076 663 nou.
1100 597 1255 684 23130),

139 715 231 780 saepe
246 699 420 765 chresimon
435 699 486 778 (2)
501 699 662 782 adpictum
677 701 725 765 eet
740 699 805 785 (72,
818 699 869 765 24.
891 698 1005 778 88,17.
1028 699 1079 777 97,
1092 701 1121 766 9.
1140 701 1212 782 106,
1223 702 1254 768 5.

140 800 212 880 158,
224 801 254 867 3.
280 802 329 866 17.
353 801 414 866 167
419 801 503 882 ,221
529 803 692 886 depranati
719 802 781 869 loci
807 802 986 869 indicantur
1013 806 1068 869 ant
1093 803 1152 870 hac
1179 807 1256 871 ncta

138 919 186 972 -÷-
212 904 264 970 uel
286 924 332 983 .·.,
366 922 444 986 quae
473 905 557 973 haud
582 923 653 971 raro
679 905 713 970 in
740 907 807 988 ipso
832 923 926 970 uersu
958 921 1051 988 supra
1078 910 1256 990 corruptam

137 1024 248 1072 uocem
269 1007 434 1089 repetitur,
456 1010 512 1074 aut
531 1007 592 1072 hac
613 1009 659 1074 ·R⁴
686 1007 738 1074 uel
766 1028 798 1073 ·r·
825 1008 877 1072 uel
904 1008 933 1073 R
956 1009 995 1095 (z
1008 1010 1131 1089 require
1153 1011 1186 1076 id
1208 1013 1256 1078 est

138 1109 254 1192 ζήτει);
277 1124 324 1178 —:-
345 1110 461 1186 41,14.
494 1110 546 1188 92,
558 1110 615 1188 24;
701 1110 815 1190 91,22.
849 1112 943 1193 92,1.
977 1115 1048 1194 106,
1061 1115 1089 1180 7.
1123 1115 1256 1196 12317.

141 1212 213 1290 126,
225 1212 278 1276 23.
304 1212 375 1291 127,
387 1210 438 1277 24.
463 1211 534 1295 128,
544 1212 576 1279 4.
601 1213 715 1292 129,1.
740 1211 811 1293 130,
824 1215 875 1280 23.
898 1217 949 1282 27.
967 1217 1039 1295 136,
1050 1217 1102 1284 20.
1119 1219 1190 1297 139,
1203 1220 1253 1286 20.

140 1316 274 1395 14412.
315 1316 385 1396 186,
397 1317 426 1383 8.
460 1317 530 1396 190,
543 1317 593 1382 24.
632 1318 705 1398 194,
716 1317 747 1383 2.
783 1319 853 1398 195,
867 1320 925 1386 28.·
951 1321 1086 1395 20322.
1120 1321 1193 1402 212,
1204 1322 1255 1388 24.

138 1418 212 1499 218,
225 1419 253 1484 1.
269 1419 342 1498 222,
354 1421 384 1486 6.
400 1420 473 1495 223,
486 1420 536 1486 22.
553 1420 762 1504 234,19.24;
784 1422 828 1486 dt·
850 1422 903 1500 41,
915 1423 966 1488 20.
990 1425 1041 1503 99,
1053 1424 1104 1489 21.
1122 1425 1191 1503 121,
1206 1426 1255 1492 18.

140 1524 212 1607 163,
222 1524 275 1589 23.
299 1523 418 1603 193,1;
443 1543 472 1588 ·r·
497 1524 639 1608 157,20;
659 1525 689 1592 It
710 1525 827 1606 94,10.
852 1525 922 1606 139,
935 1527 965 1592 2.
990 1527 1124 1606 17812.
1142 1528 1256 1607 1817.

139 1625 213 1704 229,
226 1628 255 1692 8.
282 1626 356 1705 267,
369 1627 399 1692 9.
430 1628 635 1693 correctiones
662 1630 766 1693 antem
795 1628 934 1694 diuersae
956 1631 1079 1695 diuersa
1100 1633 1201 1695 aetate
1223 1631 1257 1696 iu

139 1728 245 1794 codice
265 1728 401 1795 Arncbii
421 1730 585 1796 institutae
607 1735 692 1810 sunt,
715 1733 762 1798 ita
781 1736 818 1798 ut
839 1733 959 1815 antiqui
982 1735 1168 1798 correctores
1184 1733 1256 1799 dili·

139 1836 257 1916 genter,
280 1833 362 1915 qnod
383 1852 473 1899 nemo
495 1834 597 1900 adhuc
618 1835 704 1914 fecit,
726 1853 746 1901 a
766 1834 943 1900 recentibus
957 1837 1021 1900 sint
1035 1834 1253 1919 distinguendi.

139 1954 222 2014 nam,
244 1937 280 2001 11
295 1937 449 2016 omittam,
472 1936 637 2002 librarium
652 1939 755 2021 ipsum
769 1937 949 2021 saepissime
963 1937 1045 2002 inter
1060 1938 1258 2004 scribendum

142 2056 259 2104 erreres
283 2056 303 2104 a
323 2057 357 2104 se
379 2040 559 2106 commissos
582 2041 755 2117 sustulisse,
778 2044 842 2106 tres
865 2045 1054 2106 correctores
1080 2041 1202 2124 antiqui
1224 2043 1257 2107 in

141 2143 331 2209 emendando
353 2142 457 2208 codice
473 2160 598 2225 operam
613 2143 855 2210 collocauerunt.
878 2162 1009 2227 quorum
1024 2144 1258 2228 antiquissimus

141 2245 185 2328 (c)
214 2247 349 2310 codicem
379 2263 451 2310 cum
479 2247 643 2330 archetypo
675 2245 817 2312 contulit.
847 2265 937 2328 saepe
964 2247 991 2311 ie
1019 2248 1115 2313 uerba
1143 2247 1259 2311 omissa

141 2348 231 2414 addit
253 2348 319 2432 (27,
330 2348 383 2413 24.
412 2349 464 2427 37,
477 2349 528 2413 24.
557 2350 653 2424 483.
683 2351 733 2428 76,
745 2350 799 2414 22.
828 2349 880 2429 88,
892 2350 943 2415 20.
983 2350 1053 2433 108,
1063 2350 1093 2417 5.
1123 2348 1258 2426 115,14.

144 2452 215 2531 155,
227 2451 278 2516 30.
303 2452 416 2530 198,1.
439 2451 513 2530 222,
525 2453 554 2517 7.
582 2452 718 2531 244,14.
742 2453 815 2529 256,
832 2452 862 2518 1.
885 2453 958 2533 283,
971 2453 1016 2537 3),
1038 2471 1106 2518 raro
1129 2473 1165 2517 er
1186 2468 1256 2517 111-
1370 2493 1374 2500 -

142 2556 259 2620 iectura
271 2555 408 2638 corrigit,
422 2555 485 2620 nisi
496 2556 578 2638 quod
589 2554 840 2638 orthographiam
853 2556 1014 2637 antiquam
1026 2556 1065 2621 ad
1077 2555 1126 2620 sui
1135 2553 1253 2619 saeculi

143 2677 261 2724 morem
282 2659 452 2724 reformare
474 2660 587 2724 studet.
610 2662 758 2724 succeseit
779 2659 858 2724 alius
875 2662 1029 2724 corrector
1044 2655 1106 2741 (ε’),
1128 2658 1259 2740 quisine

142 2763 311 2842 exemplari
338 2781 466 2827 munere
495 2780 551 2828 sno
572 2761 701 2827 functus
723 2765 787 2827 eet:
809 2761 941 2852 contigit
963 2780 1036 2827 sane
1058 2762 1094 2837 ei,
1117 2764 1154 2825 ut
1174 2760 1259 2825 hand

143 2883 213 2929 raro
236 2867 320 2930 locos
342 2865 455 2930 leuiter
478 2868 637 2948 cormptoe
659 2865 793 2944 sanaret,
816 2868 975 2947 sedsaepe
991 2863 1260 2949 uerhascriptoris

143 2982 205 3030 111
226 2971 294 3032 tam
316 2969 487 3033 restituisse
509 2986 603 3050 quam
625 2967 826 3050 interpolasse
852 2968 1037 3034 iudicandus
1059 2970 1114 3032 111.
1137 2970 1170 3032 11
1192 2967 1258 3049 ipse

144 3069 382 3154 orthographiae
396 3071 555 3136 nouandae
569 3089 694 3152 operam
709 3070 814 3136 dedit:
837 3069 949 3136 deinde
963 3073 1092 3153 uterque
1108 3072 1261 3136 corrector

145 3173 233 3236 notae
264 3171 298 3235 in
330 3171 471 3254 margine
503 3173 640 3255 posuisse
672 3172 807 3238 uidetur.
846 3176 1006 3256 praeterea
1044 3174 1151 3256 paucis
1185 3174 1260 3239 locis

145 3273 211 3357 (21,
222 3273 274 3340 24.
296 3274 349 3353 39,
362 3275 392 3339 1.
418 3274 552 3353 171,19.
577 3274 690 3354 181,.2.
712 3275 786 3353 237,
798 3275 827 3340 2.
850 3275 924 3356 247,
936 3275 970 3359 9)
993 3275 1056 3342 alia
1077 3294 1189 3342 manus
1204 3294 1260 3341 an·

145 3376 245 3459 tique,
272 3375 307 3442 id
332 3380 380 3442 est
404 3377 480 3443 noni
506 3378 635 3458 saeculi,
663 3376 920 3460 deprehenditur.
949 3377 1036 3443 cuius
1060 3377 1262 3444 correctiones

145 3481 176 3546 et
191 3481 278 3560 ipsae
291 3497 347 3562 pro
361 3481 541 3546 coniecturis
555 3481 715 3548 habendae
729 3483 811 3547 1111.
826 3481 988 3546 interiecto
999 3485 1139 3564 tempore
1154 3481 1262 3563 quinto

145 3585 262 3649 decimo
300 3584 425 3649 saeculo
465 3583 559 3648 codex
596 3601 812 3666 nonnusquam
847 3583 1000 3668 (19413.
1029 3583 1081 3650 22.
1121 3583 1194 3662 195,
1209 3583 1260 3650 28.

144 3685 218 3765 201,
231 3686 284 3752 21.
313 3685 450 3769 20313.
479 3685 552 3762 204,
565 3687 594 3751 7.
619 3686 668 3751 17.
691 3686 765 3767 246,
777 3687 828 3752 29.
851 3686 924 3766 247,
936 3684 994 3772 22)
1015 3685 1076 3751 uiri
1099 3685 1263 3752 cuiusdam

145 3789 229 3855 docti
256 3806 365 3855 curam
393 3791 536 3872 expertus
557 3792 613 3854 111.
635 3789 766 3872 denique
787 3793 873 3856 sexto
895 3790 1015 3854 decimo
1037 3789 1160 3855 saeculo
1182 3788 1262 3854 alius

145 3893 195 3958 uir
216 3892 324 3958 doctus
347 3893 391 3976 (r)
414 3895 453 3958 ed
470 3891 612 3969 ,codicem
634 3892 773 3972 accessit,
795 3894 833 3957 11
855 3911 928 3957 eum
942 3893 1044 3957 totum
1059 3892 1263 3974 distingueret

146 3997 240 4077 atque
268 3997 457 4060 emendaret.
486 3995 569 4078 quod
596 3996 716 4061 lactum
745 3999 792 4060 est
813 3999 882 4077 post
905 3994 1025 4059 editum
1046 4011 1065 4056 a
1086 3992 1204 4059 Sabaeo
1227 4013 1263 4058 ex

145 4097 204 4164 hoe
225 4099 329 4164 codice
350 4097 533 4165 Arnohinm
555 4097 672 4164 Sabaeo
694 4096 778 4163 enim
799 4096 885 4162 illius
909 4114 1002 4180 opera
1024 4096 1115 4179 plane
1137 4096 1198 4161 fuit
1213 4098 1263 4161 in·

146 4203 285 4288 cognita:
306 4206 341 4267 at
363 4220 399 4269 eo
419 4206 574 4286 tempore,
601 4220 660 4285 quo
682 4201 831 4286 Iosephus
852 4203 960 4267 Iustus
975 4201 1113 4285 Scaliger
1128 4200 1263 4266 codicem

146 4309 178 4371 ir
200 4305 390 4374 bibliotheca
410 4310 497 4392 regia
517 4306 693 4386 excusserit,
714 4306 796 4371 hanc
817 4305 1022 4372 nouissimam
1044 4304 1264 4369 correctionem
