2904 4784
664 457 812 513 Liberi·
1252 451 1319 528 23'

177 646 395 715 niestissimos
418 645 528 713 nobis?
551 646 664 714 etenim
692 648 718 712 si
741 668 803 715 una
835 648 942 734 religio
971 653 1018 716 est
1039 647 1126 717 nobis
1149 648 1297 735 uobisque

177 749 359 828 ammonis,
383 753 482 816 cessat
502 748 550 817 ira
572 750 765 818 caelestium:
792 752 841 817 sin
869 750 958 820 nobis
985 752 1089 819 infesti
1117 753 1190 818 sunt
1211 748 1294 837 solis,

176 853 375 921 manifestum
398 854 445 918 est
465 853 583 919 nescire
604 856 636 921 et
651 870 705 918 uos
727 855 758 920 et
780 854 852 921 illos
867 855 968 934 deum,
991 875 1082 938 quem
1103 856 1210 923 Iouem
1232 874 1294 922 non

176 975 241 1025 esse
263 957 341 1040 ipsis
364 954 482 1024 clarum
506 958 553 1025 est
575 957 841 1043 indignationibus
863 958 1033 1025 numinum.
1071 958 1124 1026 sed
1144 976 1220 1039 non,
1234 959 1291 1050 in-
1305 959 1346 1023 3⁸

154 1060 254 1143 equit,
277 1059 392 1126 idcirco
415 1059 460 1125 dii
482 1059 570 1128 uobis
594 1059 699 1126 infesti
722 1061 803 1140 sunt,
826 1061 906 1144 quod
926 1062 1165 1147 omnipotentem
1187 1062 1295 1131 colatis

175 1163 277 1242 deum,
299 1163 360 1229 sed.
376 1162 457 1244 quod
481 1162 635 1230 hominem
658 1165 766 1230 nalum
789 1165 829 1243 et,
851 1165 932 1247 quod
953 1165 1090 1250 personis
1112 1166 1229 1233 infame
1249 1167 1297 1234 est

175 1265 302 1346 uilibus,
325 1265 425 1333 crucis
448 1265 599 1350 supplicio
621 1266 843 1351 interemptum
873 1267 905 1333 et
926 1267 1019 1335 deum
1048 1267 1144 1336 fuisse
1171 1265 1294 1337 colea

175 1369 250 1442 ditis
272 1370 306 1437 et
327 1386 485 1455 superesse
506 1368 606 1436 adhuc
628 1369 754 1435 creditis
778 1372 809 1437 et
836 1370 998 1437 cotidianis
1020 1372 1295 1457 supplicationibus

174 1471 320 1538 adoratis.
343 1472 370 1540 si
393 1472 481 1540 uobis
507 1473 675 1539 iucundum
704 1475 769 1553 est,
803 1474 911 1553 amici,
945 1474 1138 1560 edissertate,
1167 1478 1295 1562 quinam

141 1597 164 1636 o
175 1573 239 1641 siut
253 1575 288 1643 hi
304 1574 358 1654 dii,
381 1577 435 1660 qui
450 1596 469 1643 a
483 1577 571 1645 nobis
586 1575 745 1643 Christum
767 1578 826 1643 ooli
847 1596 935 1644 suam
948 1577 1074 1645 credant
1095 1581 1134 1646 ad
1149 1580 1295 1649 iniuriam

174 1677 336 1763 pertinere.
376 1679 470 1746 Ianus
502 1679 634 1746 Ianiculi
667 1681 805 1747 conditor
838 1681 870 1747 et
898 1681 1037 1749 ciuitatis
1057 1681 1218 1751 Saturniae
1240 1685 1295 1752 Sa·

174 1785 284 1849 turnus
306 1784 435 1851 auctor?
458 1784 553 1850 Fenta
574 1783 691 1864 Fatua,
713 1785 811 1852 Fauni
827 1803 910 1865 uxor,
933 1785 1020 1853 Bona
1040 1787 1107 1853 Dea
1120 1805 1198 1871 quae
1220 1788 1294 1855 dici-

174 1887 227 1953 tur
248 1889 302 1954 sed
323 1887 358 1955 in
379 1887 445 1953 uini
467 1887 577 1953 melior
605 1892 637 1955 et
658 1887 843 1956 laudabilior
863 1889 961 1971 potui
990 1889 1147 1975 Indigetes
1169 1889 1218 1957 illi
1241 1895 1293 1976 qui

174 1989 335 2056 indumen
356 1992 467 2073 repunt
482 1991 514 2056 et
536 1991 568 2055 in
583 1990 679 2055 alueis
695 1989 820 2056 Numici
837 2009 906 2056 cum
921 1991 1004 2058 ranis
1026 1992 1058 2058 et
1071 1992 1228 2078 pisciculis
1243 1995 1294 2061 de·

140 2119 163 2160 u
175 2094 277 2179 gunt?
299 2094 502 2180 Aesculapius
523 2095 554 2160 st
575 2093 667 2161 liber
693 2095 795 2179 pater,
830 2092 977 2162 Coronide
1003 2094 1058 2161 ille
1080 2097 1173 2163 natus
1205 2098 1237 2163 et
1258 2117 1295 2163 ex

173 2197 362 2283 genitalibus
382 2198 494 2264 matris
515 2198 595 2263 alter
609 2197 739 2263 fulmine
753 2197 994 2280 praecipitatus?
1015 2198 1185 2267 Mercurius
1208 2202 1294 2269 utero

173 2299 264 2376 falsus¹
283 2300 383 2369 Maiae
405 2301 452 2381 et,
485 2301 567 2384 quod
599 2302 647 2368 est
679 2301 830 2381 dinisius,
864 2301 1033 2369 candidae?
1066 2303 1293 2386 arquitenentes

173 2405 274 2473 Diana
296 2405 334 2477 et,
350 2404 471 2489 Apollo,
495 2404 669 2470 circumlati
690 2423 744 2488 per
765 2405 853 2491 fugas
875 2405 984 2471 matris
1013 2407 1105 2490 etpue
1126 2405 1159 2472 in
1180 2407 1291 2474 insulis

174 2508 347 2577 errantibus
368 2508 421 2573 uix
443 2507 527 2573 tutia
555 2508 685 2575 Dioncia
708 2507 813 2574 Venus
840 2506 955 2592 proles,
982 2507 987 2594 Ι
1013 2508 1074 2574 uiri
1100 2509 1312 2579 meletiani-f.
1333 2522 1364 2575 13

139 2611 232 2679 colias
260 2609 361 2676 Troici
389 2613 481 2695 atque
508 2611 648 2678 intestini
675 2610 791 2677 decoris
819 2610 1025 2694 publicatrix?
1059 2612 1094 2693 in
1120 2611 1293 2683 Trinacriae

173 2712 286 2780 finibus
311 2712 400 2783 Ceres
422 2715 494 2780 nata
514 2716 606 2797 atque
627 2715 661 2780 in
681 2701 808 2781 floribus
835 2714 973 2800 legendis
1003 2716 1148 2799 occupata
1168 2718 1292 2787 Proser·

173 2817 269 2899 pina?
292 2817 455 2884 Thebanus
476 2818 530 2883 aut
551 2817 663 2902 Tyrius
684 2817 848 2896 Hercules,
880 2818 931 2884 hic
953 2817 1120 2885 infinibus
1152 2822 1292 2913 sepultus

173 2921 353 3007 Hispaniae,
373 2921 507 2988 flammis
523 2922 601 2988 alter
616 2921 825 2988 concrematus
840 2921 984 2989 Oetaeis?
1005 2921 1196 3007 Tyndaridae
1218 2923 1293 2993 Cas·

174 3025 270 3103 tores,
304 3043 395 3108 equos
418 3044 497 3092 unus
520 3025 670 3092 domitare
692 3028 872 3105 consuetus,
905 3026 985 3092 altar
1005 3025 1173 3112 pugillator
1195 3026 1293 3095 bonus

148 3146 172 3188 a
185 3129 217 3197 et
237 3128 330 3196 crudo
359 3128 593 3213 inexuperabilis
615 3129 740 3196 caestu?
768 3127 908 3196 Tisianes
929 3129 961 3195 et
981 3128 1118 3198 Bucures
1139 3130 1241 3198 Mauri
1262 3134 1294 3198 et

177 3277 191 3311 Ί

206 3473 274 3540 lap.
294 3470 435 3539 uobisque,
455 3469 691 3525 communicasset
702 3470 845 3526 Mearsias
942 3471 1043 3527 dsunt
1054 3471 1123 3529 aaa:
1142 3473 1200 3530 siut
1217 3475 1246 3530 P

174 3556 347 3612 duominum
365 3557 393 3610 P
410 3571 472 3612 corr
554 3555 648 3626 inquid
666 3556 694 3611 P
712 3571 774 3612 corr
857 3556 891 3613 10
908 3557 1021 3613 eristum
1038 3559 1067 3614 P
1151 3560 1185 3616 12
1201 3560 1295 3619 Tanna

176 3641 229 3697 aab
247 3632 363 3702 fandar
465 3641 498 3696 13
521 3641 585 3696 uino
608 3641 712 3696 meliori
736 3646 763 3698 at
781 3641 953 3698 laudabiliori
964 3645 1036 3721 potu
1054 3643 1110 3701 aab
1222 3647 1294 3705 indi·

177 3727 246 3796 getis
264 3726 291 3780 P
391 3726 419 3780 in
437 3725 493 3781 odd
511 3725 716 3782 Klascaoaace
819 3728 853 3784 15
870 3722 1019 3799 esculapius
1037 3728 1065 3785 P
1167 3732 1200 3787 16
1218 3748 1294 3803 prae·

176 3813 298 3882 oip¹tatus
316 3813 344 3866 P
440 3813 471 3866 17
491 3812 612 3867 diuinius
630 3813 699 3869 Sub:
722 3814 810 3868 diuini
828 3817 860 3870 ut
877 3815 904 3869 P
1005 3815 1112 3871 candidi
1132 3816 1189 3874 &ab

175 3900 393 3967 carquitenentes
416 3901 443 3954 P
545 3902 578 3955 19
605 3901 708 3955 Dionea
731 3901 855 3970 (Dioneia
881 3901 967 3972 Sam)
992 3901 1081 3958 Venus
1104 3902 1174 3958 Sob:
1201 3904 1290 3973 ioneia

175 4000 254 4038 uenas
266 3984 297 4038 Ρ·
378 3984 412 4038 20
429 3984 567 4039 t‘inaoriae
580 3986 607 4040 P
692 3984 824 4041 dedecoris
838 3985 979 4058 Ripolta‘as
1064 3988 1244 4046 a1eeeres1³

176 4069 208 4122 22
225 4069 331 4139 thynius
348 4070 375 4124 P
476 4069 592 4126 herculis
605 4073 634 4127 P
738 4073 772 4128 23
790 4072 934 4142 Hispaniae
947 4073 1014 4129 Sub:
1032 4073 1168 4144 inspauiae
1182 4075 1209 4129 P

175 4155 275 4209 oetaeis
292 4156 356 4210 Gal:
368 4156 472 4210 ethonis
484 4157 511 4211 P
522 4158 623 4215 actaeis
636 4158 692 4214 Sub
772 4158 940 4229 Tyndaridae
956 4159 1020 4215 Gal:
1032 4152 1097 4216 tunc
1109 4161 1200 4216 deride
1213 4162 1241 4217 P

175 4241 241 4295 tuno
258 4240 325 4295 olari
342 4242 501 4297 Decastores
520 4245 575 4299 Sub
599 4246 641 4311 (a'a
659 4260 704 4299 err
721 4245 787 4321 tunc
805 4245 870 4299 clari
887 4242 926 4299 dii
943 4243 1079 4316 Castores)
1181 4248 1215 4303 25
1232 4263 1288 4303 ces-

175 4327 207 4379 tu
224 4326 252 4380 P
368 4326 561 4412 Oestutisianes
578 4331 623 4400 (in
641 4346 685 4388 err
703 4334 792 4387 caestu
810 4330 942 4404 Tisiancs)
961 4332 1017 4389 Sub
1133 4330 1244 4413 Titanas
1261 4333 1296 4413 etx

169 4411 318 4490 Pooclrores
334 4411 412 4495 Salas
525 4407 529 4413 ’
585 4416 587 4420 ’
820 4415 866 4421 ”
937 4422 942 4438 ““
1012 4407 1017 4421 “
1148 4413 1151 4417 ’
