2904 4784
1249 342 1318 398 1111

196 517 232 580 in
260 517 454 600 agnoscende
481 519 622 581 ueterum
638 515 870 582 'consuetudine
898 516 1051 599 sagacitas
1073 516 1239 601 praeclaris
1262 516 1318 582 ob·

201 619 432 684 seruetionibus
454 620 602 685 beneuole
624 638 674 684 me
697 619 827 683 adiuuit.
852 619 927 684 dum
940 636 1014 684 uero
1028 620 1171 703 plagulas
1187 620 1319 701 corrigo,

199 721 317 786 allatus
341 731 388 786 est
408 721 509 788 Zinlrii
531 721 783 788 emendationum
804 721 1053 788 Arnobianarum
1073 721 1200 788 libellus
1215 722 1319 787 nouis·

200 825 309 903 simus,
333 843 424 906 quem
439 827 632 907 Bambergae
647 825 730 891 1873
744 824 853 891 edidit.
880 823 963 890 idem
985 844 1004 891 a
1024 844 1074 889 me
1096 827 1223 906 rogetus
1247 842 1320 890 con·
1358 811 1362 819 ’

201 927 336 991 iacturas
363 946 382 992 1
410 946 441 991 11
469 928 608 993 nondum
634 926 753 1010 publici
775 928 851 993 iuris
873 928 971 993 factes
998 927 1168 994 liberaliter
1195 946 1319 993 mecum

200 1029 453 1095 communicauit.
470 1029 581 1111 quibus
597 1032 728 1114 cognitis
743 1030 902 1095 interdum
917 1049 967 1094 me
981 1031 1014 1094 in
1029 1030 1158 1095 eandem
1173 1030 1320 1094 medendi

205 1133 358 1198 rationem
372 1131 515 1198 incidisse
536 1132 721 1216 gaudebam,
743 1152 799 1198 nee
821 1133 925 1198 minus
946 1136 1038 1215 grata
1059 1137 1147 1199 erant
1170 1150 1247 1215 quae
1269 1151 1319 1198 me

194 1235 358 1317 «fugerant.
391 1236 486 1300 etiem
512 1235 739 1306 Klussmannus
766 1235 845 1300 mihi
874 1237 981 1301 adesse
1013 1236 1123 1301 uoluit.
1160 1234 1322 1319 praeterea

200 1335 339 1402 Amobio
360 1354 430 1402 meo
444 1337 514 1402 iam
536 1339 617 1421 typis
640 1356 780 1420 expresso
795 1338 829 1402 id
845 1340 893 1403 est
909 1342 1038 1403 exeunte
1050 1357 1133 1403 ‘anno
1150 1338 1322 1405 18741111-

202 1441 277 1521 tigit
305 1443 341 1503 ut
363 1440 491 1524 Volgeri
517 1439 667 1523 praefecti
693 1440 899 1506 bibliothecae
920 1441 1170 1524 Luneburgensis
1198 1442 1321 1507 urbicae

193 1543 396 1628 ¹benignitate
419 1544 585 1626 apparatus
607 1542 718 1623 critici,
742 1561 834 1625 quem
855 1544 899 1609 M.
922 1542 1049 1608 drusius
1072 1548 1180 1609 octavo
1203 1545 1322 1609 decimo

201 1647 324 1711 saeculo
346 1648 472 1711 ineunte
496 1649 535 1712 ad
557 1641 824 1713 nonam'lrncbii
846 1648 1013 1712 editionem
1030 1648 1241 1713 adornandam
1257 1647 1321 1711 col·

202 1749 322 1832 legerat
351 1749 404 1834 (ci.
435 1747 560 1814 Oehleri
586 1749 682 1833 praei.
709 1772 740 1834 p.
769 1747 844 1836 VI),
874 1769 944 1816 eam
970 1753 1093 1832 partem
1119 1751 1322 1828 nanciscerer,

203 1869 266 1932 qua
294 1854 522 1918 emendationes
543 1853 579 1917 P.
601 1853 724 1918 Pithoei
750 1854 859 1919 Huetii
883 1852 1016 1938 Rigaltii
1042 1854 1156 1936 Guyeti
1181 1852 1324 1917 Memmii

204 1955 338 2019 aliomm
367 1955 612 2022 continerentur:
642 1959 725 2023 unde
752 1959 856 2022 omnia
883 1975 961 2039 quae
989 1957 1070 2032 scitu
1098 1958 1194 2039 digna
1221 1959 1324 2021 essent

204 2057 372 2123 Oehlerum
394 2058 580 2140 excerpsisse
604 2060 703 2125 didici.
726 2059 838 2141 quibus
853 2061 929 2125 uiris
945 2062 1087 2125 omnibus
1103 2060 1224 2124 debitas
1239 2075 1323 2124 nunc

203 2161 322 2243 gratias
344 2177 436 2241 agere
458 2160 542 2226 licet.

308 2263 354 2326 Ex
374 2263 494 2345 ingenti
515 2282 589 2329 uero
612 2268 859 2331 coniecturarum
881 2284 1020 2344 numero,
1043 2265 1196 2346 quemad
1219 2264 1324 2328 Arno·

203 2364 294 2428 bium
315 2368 534 2447 congesserunt
554 2365 653 2431 trium
673 2367 867 2432 saeculorum
888 2367 1053 2450 philologi,
1082 2370 1206 2450 praeter
1225 2368 1323 2432 certas

205 2467 437 2532 emendationes
459 2469 554 2551 selegi
576 2487 638 2550 eas,
660 2488 737 2551 quae
762 2469 833 2534 crisi
848 2470 1045 2535 Arnobianae
1067 2471 1326 2535 11111111111111

205 2569 301 2634 fuisse
329 2573 385 2635 aut
412 2571 477 2637 fore
499 2572 687 2638 uidebantur
709 2573 836 2654 reliquis
859 2572 1003 2638 omnibus
1025 2574 1262 2655 praetermissis,
1285 2591 1324 2636 ne

206 2671 391 2755 scriptorem
405 2673 509 2739 inutili
531 2676 687 2758 farragine
710 2675 882 2740 obruerem.
905 2678 969 2740 iam
992 2677 1029 2740 de
1044 2676 1226 2754 rationibus,
1249 2694 1325 2758 quas

204 2775 272 2856 ipso
294 2776 327 2840 in
349 2777 541 2843 emendando
563 2777 699 2843 Arnobio
722 2781 846 2844 secutus
867 2779 941 2858 sim,
970 2797 1070 2862 pauca
1092 2779 1220 2843 dicenda
1241 2781 1324 2842 sunt.

207 2878 325 2959 aliquot
341 2878 427 2957 locis,
450 2880 504 2962 qui
525 2879 880 2962 corrupti'dicebantur,
908 2881 1064 2947 medelam
1087 2881 1213 2946 adhibui
1239 2881 1327 2945 nulla

207 2980 270 3045 1111
290 3001 324 3046 11
344 2983 406 3047 1111
419 2983 666 3065 interpunctione
682 2987 818 3049 mutata:
841 2983 875 3048 id
890 2989 971 3066 quod
986 3003 1217 3066 nonnumquam
1233 2987 1326 3050 tacite
1383 3058 1386 3065 ¹

207 3085 277 3150 ieci.
293 3088 387 3167 atque
401 3104 521 3168 semper
534 3088 566 3151 id
581 3090 640 3169 egi,
656 3089 692 3151 ut
709 3066 772 3152 leni
786 3107 880 3154 manu
891 3088 1022 3153 uulnera
1032 3088 1163 3154 Arnobii
1173 3104 1326 3152 sanarem.

208 3187 341 3252 maxime
355 3191 461 3254 autem
472 3191 643 3254 uerendum
655 3194 710 3268 est,
726 3209 764 3254 ne
776 3208 1015 3274 synonymorum
1031 3191 1249 3270 cumulatione,
1266 3193 1328 3273 qua

208 3293 339 3373 scriptor
367 3294 497 3374 gaudet,
525 3292 632 3357 offensi
659 3293 790 3358 calidius
816 3312 910 3376 quom
944 3294 1127 3377 prudentius
1160 3292 1328 3376 interpola·

208 3394 334 3460 toribus·
353 3394 527 3461 tribuamus
549 3395 736 3462 Arnobiana.
760 3390 901 3478 inprimis
922 3396 1072 3463 miramur
1087 3414 1327 3479 synonymorum

209 3498 297 3580 paria
319 3502 354 3563 ut
376 3516 467 3579 saepe
488 3498 525 3562 fit
546 3499 635 3564 nulla
656 3501 766 3580 copula
788 3500 959 3565 coniuncta.
982 3500 1047 3565 iam
1070 3504 1255 3566 correctores
1272 3519 1325 3565 an-

208 3601 290 3682 tiqui
312 3602 345 3665 in
365 3600 454 3666 initio
469 3600 543 3666 libri
558 3603 692 3667 alterum
707 3619 915 3686 synonymum
930 3606 1140 3685 expunxerunt
1164 3603 1194 3683 (c
1210 3604 1260 3682 10,
1274 3605 1328 3669 17.

201 3703 262 3769 ¹21.
286 3704 337 3769 22.
362 3703 476 3783 14,17.
499 3704 549 3770 23.
573 3704 625 3782 41,
637 3705 666 3769 2.
683 3706 802 3784 72,10;
819 3702 843 3768 c'
857 3705 909 3785 44,
922 3706 951 3771 9.
969 3707 1020 3783 66,
1032 3707 1083 3772 25.
1100 3707 1152 3785 87,
1165 3706 1214 3771 16.
1232 3706 1325 3782 88,1.

214 3805 265 3887 92,
279 3806 308 3870 7.
342 3807 477 3884 103,16.
510 3809 657 3886 139,17),
680 3810 761 3889 1111
783 3827 837 3873 111
859 3808 996 3889 periculo
1020 3827 1069 3875 eos
1105 3809 1214 3875 iecisse
1247 3828 1329 3874 unus

212 3910 298 3973 locus
326 3908 435 3990 (4121
469 3913 651 3992 argumento
680 3913 744 3988 est,
777 3909 832 3975 ubi
858 3911 938 3976 falso
967 3914 1131 3977 correctori
1157 3931 1329 3995 synonyma

211 4011 365 4093 geminari
384 4012 455 4077 uisa
476 4016 558 4079 eunt.
582 4016 689 4094 postea
711 4013 769 4080 hoc
790 4015 926 4081 remedio
940 4017 988 4079 uti
1002 4017 1177 4081 desierunt:
1198 4020 1328 4099 apparet

212 4130 264 4177 eos
286 4117 483 4197 perspexisse,
505 4135 536 4180 se
552 4116 727 4182 Arnobium
742 4135 802 4181 non
816 4118 959 4183 librarios
982 4120 1197 4184 emendaturos
1221 4119 1324 4186 fuisse.

211 4215 398 4293 incautiores
413 4218 541 4284 fuerunt
554 4220 798 4286 Hildobrandius
813 4222 926 4304 quique
941 4241 1012 4286 eum
1027 4223 1126 4287 secuti
1148 4224 1232 4288 sunt.
1254 4242 1328 4289 nam

213 4320 507 4387 ultrecorreetores
528 4323 801 4405 antiquos-sapere
823 4324 884 4390 sibi
906 4326 967 4390 uisi
988 4325 1093 4408 plures
1107 4345 1202 4407 quam
1215 4326 1329 4409 illiin·
