2904 4784
130 379 169 443 18
429 374 575 430 Arnobii
598 373 760 430 aduersu-s
783 377 939 431 nationes

127 549 199 616 sari.
233 549 308 615 baec
328 549 424 632 tptius
447 565 568 614 summa
589 550 639 613 ost
660 550 805 631 actionis,
828 550 879 613 hic
900 549 1073 632 propositus
1095 548 1245 613 terminus

128 651 304 717 diuinorum
325 649 514 731 officiorum,
538 651 589 716 bia
611 651 699 733 finis,
722 652 797 718 huic
818 670 924 717 omnes
947 653 983 716 e‘x
1005 669 1090 716 more
1110 653 1246 736 proster-

128 755 246 832 nimur,
280 754 362 819 huno
394 753 525 820 conlatis
558 754 701 836 precibus
732 755 912 834 adoramus,
947 756 986 820 ab
1019 755 1077 819 hoo
1104 754 1187 819 iusta
1216 755 1247 819 et

127 860 253 924 honesta
274 858 306 922 et
331 855 453 922 auditui
482 857 551 948 eius¹
580 856 732 941 condigna
766 859 973 941 deposcimus,
1008 874 1068 923 non
1095 875 1154 940 quo
1182 858 1247 940 ipse

127 961 280 1027 desideret
312 960 464 1042 supplices
497 978 553 1025 nos
581 978 646 1026 esse
675 963 730 1026 aut
757 963 842 1027 amet
874 960 1031 1026 substerni
1052 961 1101 1025 tot
1122 959 1282 1024 miliums

128 1063 356 1129 uenerationem
378 1061 500 1127 uidere:
522 1062 646 1128 utilitas
660 1063 736 1129 haee
750 1065 855 1130 nostra
870 1066 918 1129 est
933 1064 966 1129 et
981 1062 1136 1129 commodi
1150 1063 1220 1128 nost
1238 1064 1245 1077 ‘

127 1167 276 1232 rationem
306 1165 455 1247 spectans.
493 1183 566 1230 nam
593 1165 666 1248 quia
693 1167 780 1249 proni
802 1167 842 1231 ad
864 1166 969 1248 culpas
992 1167 1024 1230 et
1045 1166 1084 1231 ad
1106 1165 1248 1231 libidinis

130 1269 231 1334 uarios
252 1266 407 1348 adpetitus
430 1267 508 1332 uitio
530 1286 637 1333 sumus
659 1268 850 1334 infirmitatis
879 1269 1050 1352 ingenitae,
1078 1269 1196 1350 patitur
1216 1287 1250 1334 se

130 1390 250 1454 semper
272 1371 386 1435 nostris
408 1370 646 1454 cogitationibus
661 1371 779 1453 concipi
801 1372 845 1450 ut
871 1371 946 1437 dnm
961 1370 1053 1436 illum
1075 1389 1197 1437 oramus
1218 1374 1250 1436 et

131 1476 240 1539 mereri
261 1475 327 1540 cius
351 1474 566 1540 contendimus
592 1493 736 1553 munera,
769 1474 955 1558 accipiamus
983 1475 1173 1542 innocentiae
1195 1462 1286 1541 uossro

132 1578 285 1643 luntatem
306 1579 399 1644 stab
420 1578 505 1643 omni
527 1595 581 1643 nos
602 1578 672 1643 labe
687 1577 872 1645 delictorum
887 1578 1026 1644 omnium
1040 1579 1251 1663 amputatione

84 1691 308 1766 repurgemus.
342 1682 415 1764 quid
438 1681 540 1747 dicitis
563 1701 580 1770 o
602 1683 696 1763 sacri,
726 1682 800 1764 quid
826 1683 925 1748 diuini
951 1683 1133 1766 interpretes
1155 1681 1253 1747 iuris?

133 1784 307 1849 meliorisne
334 1785 406 1850 sunt
436 1802 558 1863 musae,
592 1783 645 1865 qui
671 1785 859 1852 Grundulios
886 1787 1015 1851 adorant
1045 1786 1154 1865 Lares,
1178 1784 1252 1849 Aios

133 1887 285 1966 boemios,
309 1887 511 1965 limentinos,
535 1901 627 1968 quam
651 1905 758 1951 sumus
779 1904 833 1952 nos
849 1905 964 1966 omnes,
988 1887 1042 1969 qui
1064 1886 1155 1951 deum
1178 1889 1253 1953 coli-

134 2008 203 2056 mus
230 2009 332 2055 rerum
360 1991 479 2072 patrem
506 1989 598 2070 atque
626 1990 665 2054 ab
693 2008 728 2054 eo
750 1989 942 2071 deposcimus
964 1991 1056 2054 rebus
1075 1989 1163 2054 fessis
1185 1989 1288 2054 lau-rr

134 2092 358 2178 guentibusque
385 2092 561 2158 tutamina?
597 2092 704 2158 atilli
738 2093 800 2158 cati
837 2093 988 2175 sapientes
1021 2092 1254 2176 prudentissimi
1325 2148 1329 2162 .

135 2196 222 2261 uobis
251 2196 394 2261 uidentur
428 2214 484 2260 nae
519 2196 760 2280 reprehensionis
798 2196 913 2274 ullius,
947 2196 1000 2278 qui
1029 2197 1166 2278 Faunos,
1200 2196 1254 2279 qui

135 2301 249 2366 Fatuus
286 2299 510 2381 ciuitatumque
546 2301 675 2383 genios,
704 2299 757 2383 qui
787 2300 921 2365 Pauores
952 2301 1131 2365 reuerentur
1163 2302 1255 2383 atque

135 2404 293 2469 Bellouas:
330 2421 384 2468 nos
414 2401 539 2466 hebens
572 2402 678 2468 stolidi
705 2402 784 2467 fatui
811 2401 933 2467 obtunsi
961 2403 1196 2484 pronuntiamur
1224 2405 1256 2469 et

137 2506 230 2585 bruti,
253 2505 307 2587 qui
329 2503 503 2570 dedidimus
524 2521 579 2570 nos
595 2504 660 2582 deo,
684 2504 770 2570 cuius
785 2504 864 2569 nutu
879 2506 911 2570 et
926 2505 1054 2571 arbitrio
1070 2524 1160 2572 omns
1174 2505 1289 2589 quodue

138 2609 185 2672 est
199 2608 319 2674 constat
334 2608 366 2672 et
380 2607 413 2672 in
429 2606 601 2672 sententiae
616 2625 689 2673 suae
704 2607 911 2690 perpetuitate
927 2607 1061 2673 defixum
1077 2610 1148 2675 est?
1162 2610 1255 2674 banc·

138 2712 205 2802 cine
226 2709 412 2776 sententiam
433 2709 592 2792 promitis,
623 2710 703 2782 banc
724 2711 826 2793 legem
849 2711 1055 2791 const'tuitis,
1086 2713 1162 2777 hanc
1184 2732 1256 2795 pro-

109 2836 115 2841 ·
138 2815 302 2897 mulgatis,
325 2814 361 2878 ut
382 2812 547 2879 honoribus
569 2813 731 2878 adficiatur
753 2813 954 2895 amplissimis
976 2815 1116 2897 quisquis
1138 2817 1256 2881 uestros

71 2917 312 2984 rroauoeauerit
333 2916 485 2982 seruulus:
513 2935 634 2982 cmcem
655 2921 809 2982 mereatur
831 2920 997 2982 extremam
1017 2916 1022 3002 Ι
1040 2918 1178 3000 quisquis
1201 2936 1256 2982 uo-

140 3021 189 3110 bis
210 3021 285 3101 ipsis
307 3020 438 3086 dominis
460 3019 661 3101 supplicarit?
689 3020 723 3084 in
745 3019 924 3086 ciuitatibus
946 3020 1090 3085 maximis
1111 3023 1203 3103 atqua
1223 3021 1290 3084 inas

140 3122 361 3206 potentioribus
397 3122 519 3206 populis
554 3140 641 3188 sacra
676 3122 799 3205 publice
835 3123 915 3188 liunt
949 3124 1056 3188 scortis
1090 3124 1256 3189 meritoriis

142 3226 295 3309 quondam
317 3227 409 3308 atque
423 3225 456 3289 in
471 3226 629 3310 uolgarem
644 3225 807 3290 libidinem
822 3226 1013 3308 prostitutis:
1037 3225 1141 3291 nullus
1155 3227 1258 3291 tumor

142 3328 363 3413 indignationis
384 3329 417 3393 in
438 3327 498 3393 diis
525 3327 581 3392 est.
618 3328 736 3409 templa
763 3326 896 3393 faelibus
923 3329 1074 3395 scarabeis
1104 3330 1135 3394 at
1161 3328 1257 3393 bueu-

179 3617 361 3686 lpropositus
380 3617 450 3673 Sub:
479 3616 623 3686 propositis
639 3617 667 3669 P
768 3591 845 3671 aliie
862 3616 924 3670 finis
941 3617 968 3669 P
1069 3619 1260 3687 prosternimur

145 3705 214 3759 Sub.-
242 3703 435 3774 prosternimus
452 3702 480 3756 P
592 3702 733 3759 3oo¹²latis
752 3703 780 3756 P
890 3702 1027 3772 praecibus
1044 3703 1072 3757 P
1180 3704 1260 3758 lau·

145 3790 206 3843 ditu
224 3789 278 3845 Sub
380 3788 517 3843 dcomodi
535 3789 668 3843 Pcorrr
771 3788 1012 3842 ‘llibidinisidabr
1029 3788 1194 3844 libidinesP

145 3875 262 3930 laturis
285 3875 347 3931 Gal.-
372 3875 426 3930 uiri
444 3877 471 3930 P
519 3894 522 3903 “
574 3875 605 3930 13
623 3872 773 3930 Gruuduleb
792 3875 846 3930 Sub
949 3875 1038 3941 Lares,
1055 3874 1120 3929 Aios
1138 3874 1262 3929 locutios

149 3961 215 4016 (iel.-
243 3962 335 4016 laresa.
354 3963 446 4017 iaeeos.
464 3960 590 4015 boeotios.
608 3965 632 4027 (e
649 3962 680 4016 io
697 3962 783 4015 iaceos
802 3976 836 4014 aa
852 3960 880 4028 f)
899 3960 927 4014 P
948 3959 1036 4027 Lares,
1055 3961 1174 4026 Aiacem,
1195 3961 1262 4015 Boe-

145 4050 199 4103 tios
212 4049 267 4104 Sub
363 4048 396 4102 14
413 4048 577 4103 Limentinos
593 4048 661 4104 Urs:
678 4047 863 4102 libentinosP
959 4048 992 4102 16
1008 4047 1196 4102 tutamienaP
1235 4081 1238 4086 -

146 4134 180 4189 18
201 4135 304 4189 statuas
322 4133 378 4189 Sub
509 4133 701 4203 ciuitatumqua
718 4135 746 4188 P
873 4133 972 4203 genios,
995 4134 1041 4202 qui
1060 4133 1130 4187 Sub:
1159 4132 1262 4202 geuiosi

147 4220 171 4273 si
189 4221 216 4275 P
317 4220 432 4274 Pauores
448 4221 561 4288 scripsi.-
589 4237 684 4289 pausos
702 4220 729 4274 P
757 4220 844 4274 Panas
866 4219 986 4290 capuae
1025 4254 1029 4259 .
1089 4219 1121 4273 19
1138 4217 1261 4273 haebetes

146 4306 189 4372 (aa
207 4323 241 4361 ea
257 4308 281 4368 c)
300 4307 328 4360 P
427 4305 461 4359 21
478 4305 599 4360 ha¹ccina
617 4307 645 4360 P
680 4323 681 4326 ¹
745 4293 778 4360 27
796 4304 934 4374 uulgarem
953 4306 1001 4373 (uu
1019 4321 1054 4359 aa
1071 4305 1115 4372 uo)
1134 4304 1162 4358 P
