2904 4784
659 299 757 355 Liber
780 300 818 356 ΙΙ.
1251 303 1293 369 59

180 491 292 556 paruae
314 473 346 537 et
367 472 517 538 examinis
542 472 708 554 iudiciique
730 471 868 557 perpensi
890 491 955 537 rem
976 472 1201 539 inenodabilem
1224 491 1291 539 sus-

180 575 263 659 cipit,
286 576 322 641 ut
344 594 414 641 cum
436 575 555 643 animas
578 574 661 641 dicat
682 575 884 653 immortales,
904 575 1066 658 perpetuas
1087 577 1118 640 et
1144 577 1292 660 corporali

181 680 337 746 soliditate
366 680 517 762 priuatas,
545 678 648 761 puniri
671 697 720 743 666
751 679 832 744 dicat
854 679 959 744 161666
981 679 1013 744 61
1035 678 1148 743 doloris
1170 679 1293 745 adficiat

179 800 277 847 sensu.
315 783 383 864 quis
410 784 516 848 autem
543 783 703 847 hominum
725 799 785 847 non
807 782 902 861 uidet,
932 782 1011 864 quod
1037 782 1079 847 sit
1106 782 1290 864 immortale,

159 886 258 968 equod
280 885 425 968 simplex,
457 887 580 951 nullum
607 903 695 966 posse
722 885 856 950 dolorem
885 884 1054 964 admittere,
1086 884 1166 967 quod
1188 887 1293 951 autem

178 989 291 1054 6661161
314 989 458 1067 dolorem,
480 989 751 1055 immortalitatem
773 988 884 1053 habere
907 1005 967 1053 666
983 989 1092 1072 posset
1115 1007 1170 1053 neo
1186 991 1291 1054 tamen

178 1091 242 1156 sius
268 1091 435 1157 auctoritas
464 1091 633 1175 plurimum
660 1090 832 1157 aneritate
861 1091 1003 1156 declinat.
1039 1091 1180 1173 quamuis
1209 1093 1291 1157 enim

176 1194 225 1259 uir
251 1195 329 1259 lenis
357 1198 389 1259 et
417 1196 576 1260 beniuolae
604 1195 776 1267 uoluntatis
803 1194 1007 1260 inhumanum
1035 1213 1100 1260 6666
1130 1194 1292 1259 crediderit

176 1297 301 1378 capitali
322 1298 440 1362 animas
467 1297 620 1363 scatentia
633 1297 865 1376 condemnare,
898 1316 958 1362 non
985 1298 1032 1362 661
1054 1299 1156 1362 tamen
1178 1295 1290 1362 absone

144 1399 347 1480 66666166166
374 1400 435 1465 1661
457 1419 508 1465 eas
531 1400 565 1466 in
587 1399 716 1466 flumina
743 1399 894 1466 torrentia
914 1399 1111 1467 flammarum
1137 1400 1237 1483 globis
1259 1401 1291 1465 et

135 1506 137 1508 ’
175 1502 308 1568 caenosis
330 1502 527 1587 uoraginibus
550 1503 658 1569 taetra.
689 1503 843 1568 iaciuntur
866 1503 948 1568 enim
971 1505 1002 1568 st
1024 1503 1064 1570 ad
1084 1503 1219 1568 nihilum
1240 1520 1287 1569 rs·

176 1604 280 1670 dactae
303 1604 488 1671 interitionis
510 1608 674 1688 perpetuae
697 1606 896 1672 frustratione
911 1607 1088 1672 uanescunt.
1119 1606 1192 1671 sunt
1206 1605 1288 1670 enim

174 1707 293 1774 mediae
321 1708 497 1790 qualitatis,
524 1707 635 1795 161661
657 1707 777 1775 Christo
807 1709 930 1774 anctore
959 1709 1148 1790 compertum
1170 1709 1233 1785 661,
1257 1707 1288 1771 61
1297 1714 1316 1765 f.
1326 1716 1354 1764 ³4

174 1809 301 1876 interire
323 1830 400 1894 quae
421 1813 539 1894 possint
561 1812 652 1878 deum
675 1812 701 1876 61
723 1811 948 1895 ignorauerint,
978 1811 1061 1876 uitae
1083 1810 1174 1876 6161
1197 1809 1288 1875 exitio

23 1891 26 1896 ¹
141 1912 311 1992 reliberari,
340 1914 367 1978 si
389 1915 428 1980 ad
451 1916 515 1980 eius
537 1935 569 1982 se
591 1915 815 1981 misericordias
842 1916 934 1997 atque
960 1913 1167 1998 indulgentias
1189 1911 1289 1996 adpli·
1319 1968 1322 1975 .

175 2016 289 2095 carint,
319 2019 355 2083 ut
382 2017 463 2100 quod
488 2017 630 2102 ignotum
660 2019 706 2082 est
734 2019 848 2098 661661.
883 2017 957 2082 1666
983 2019 1030 2082 661
1050 2016 1184 2081 hominis
1206 2033 1289 2080 mors

132 2116 137 2122 ”
175 2136 256 2196 6666,
278 2121 353 2185 1666
374 2121 454 2185 nihil
476 2121 633 2199 residuum
655 2120 768 2184 faciens
786 2157 822 2166 —
840 2139 912 2185 nam
935 2120 992 2185 illa
1014 2138 1092 2201 quae
1114 2122 1170 2184 suh
1192 2118 1289 2184 oculis

175 2226 310 2292 cernitur
332 2224 504 2290 animarum
527 2225 613 2289 6616
636 2222 810 2305 corporibus
833 2222 993 2307 diiugatio,
1016 2222 1167 2288 6661616
1189 2220 1287 2287 aboli-

175 2329 268 2394 tionis
295 2330 448 2392 entrsmus
464 2365 504 2374 -
519 2327 594 2391 haec
621 2325 747 2408 inquam
775 2326 821 2391 est
843 2325 977 2389 hominis
1004 2343 1086 2390 mors
1108 2343 1196 2403 uera,
1219 2343 1287 2389 cum

39 2408 44 2417 ’
139 2452 166 2490 no
176 2431 296 2496 animae
317 2430 484 2496 nescientes
507 2430 599 2494 deum
613 2448 667 2511 per
681 2428 855 2510 longissimi
870 2429 1017 2510 temporis
1032 2429 1201 2494 cruciatum
1217 2445 1287 2493 con·

175 2535 334 2599 sumentur
360 2533 426 2617 igni
454 2532 531 2612 iero,
560 2533 591 2596 16
614 2538 705 2613 quem
732 2532 803 2596 illas
830 2531 946 2596 iaciant
976 2531 1099 2614 quidam
1123 2531 1288 2596 crudeliter

175 2637 317 2701 6666161
347 2638 417 2701 6616
440 2634 597 2700 Christum
630 2633 779 2717 incogniti
808 2634 984 2698 61616616
1017 2635 1132 2699 sciente
1165 2633 1286 2699 detecti.

174 2758 266 2820 quare
294 2739 373 2803 nihil
401 2738 447 2802 661
475 2738 554 2819 quod
580 2754 635 2802 nos
663 2737 765 2816 fallat,
794 2736 874 2801 nihil
897 2736 976 2819 quod
999 2737 1086 2802 66116
1108 2736 1354 2819 66111666161151

175 2861 244 2924 6666
261 2833 371 2908 ‘cassas
393 2841 425 2905 id
451 2840 531 2923 quod
557 2859 575 2906 a
600 2841 687 2905 nouis
714 2840 899 2922 quibusdam
921 2841 1034 2906 dieitur
1049 2841 1125 2905 uiris
1140 2842 1170 2906 et
1186 2841 1286 2905 inmo-

139 2945 281 3022 66166616
297 2945 345 3009 sui
360 2943 655 3026 6616166666116116,
672 2942 792 3009 animas
807 2943 998 3008 immortales
1013 2961 1087 3020 esse,
1102 2944 1224 3008 166166
1239 2963 1286 3009 rs·

175 3065 244 3110 rum
260 3067 294 3112 66
309 3047 552 3130 6616616161616
566 3047 717 3128 proximas
733 3047 904 3130 dignitatis,
927 3046 1062 3131 genitore
1083 3048 1138 3113 illo
1153 3050 1288 3129 sopatro

209 3300 618 3370 1666666066166666666666
636 3303 664 3356 P
772 3302 933 3371 iudiciiquae
950 3303 1049 3358 Pcoos
1150 3318 1205 3357 rem
1224 3305 1287 3373 Sub,

175 3401 205 3439 6.·
222 3385 289 3438 reP
381 3387 442 3440 261
459 3386 522 3440 Get.-
540 3390 567 3440 et
584 3388 653 3441 exP
748 3387 917 3442 3doloribus
937 3387 991 3443 861
1090 3390 1201 3444 466666
1218 3389 1286 3444 Urs:

175 3487 279 3525 sensum
291 3473 318 3526 P
329 3489 450 3526 sensuum
463 3472 517 3527 Sub
530 3473 560 3526 iu
572 3488 616 3526 err
695 3474 711 3527 9
724 3472 888 3527 condemnari
901 3473 967 3528 sao·
1036 3476 1068 3528 11
1082 3477 1181 3530 cenosis
1194 3477 1221 3530 P

174 3561 243 3612 tetra
266 3559 293 3612 P
429 3559 461 3612 13
483 3559 622 3626 qualitatis
649 3558 713 3613 Gal:
741 3559 884 3627 qaalitates
908 3561 935 3614 P
1078 3562 1110 3614 14
1127 3561 1174 3616 aab
1193 3563 1220 3616 P

175 3645 208 3697 15
225 3643 334 3697 hberarc'
351 3645 379 3697 P
422 3657 426 3665 ·
502 3634 866 3713 66616661666116666666616
891 3646 1004 3701 seminas
1022 3647 1167 3701 Ρ666166
1187 3647 1287 3703 86166

173 3729 259 3782 minas
277 3729 325 3784 Get
342 3746 369 3784 66
381 3729 589 3784 misericordiam
606 3729 659 3784 Urs
760 3731 920 3799 applicarint
934 3732 998 3787 Get:
1017 3733 1181 3802 adplicarent
1193 3735 1220 3788 P

175 3815 207 3868 16
224 3817 254 3868 ut
271 3816 382 3883 scripsi:
401 3820 429 3870 et
441 3816 469 3869 P
485 3819 513 3868 et
528 3819 561 3869 ut
575 3816 623 3870 Get
745 3816 776 3869 17
795 3832 848 3885 666.
866 3818 951 3871 uerbo
967 3822 1044 3872 nam'.
1057 3821 1221 3874 ..extremus
1234 3837 1287 3890 pa·

79 3935 82 3941 -
173 3900 427 3967 commonefacere
439 3900 552 3954 editores
564 3900 827 3956 uouiotetlccccoott
908 3903 1287 3974 20psrlougissimitemporis

93 4021 96 4027 -
174 3987 292 4040 cruciatu
305 3986 360 4041 Sub
463 3986 601 4040 circuitum
621 3986 673 4040 Urs
769 3992 959 4044 consumuntur
971 3990 1027 4044 Sub
1128 3991 1161 4043 21
1174 3991 1287 4060 ignifero

174 4072 229 4126 Sub
320 4072 418 4126 1661661
431 4071 520 4126 Sulca:
538 4072 662 4126 iacentP
678 4071 779 4125 iaciunt
792 4072 847 4127 Sub
938 4075 971 4127 22
983 4075 1080 4129 antiP
1180 4078 1215 4132 24
1231 4092 1288 4131 cas-

173 4173 223 4223 666,
232 4157 261 4210 11
273 4159 357 4228 culpo
425 4158 453 4212 id
462 4175 504 4212 om
517 4158 572 4211 Sub
639 4156 788 4211 nouisdr'el:
802 4159 909 4213 nobisP
976 4161 1238 4218 216610616111Ρ

173 4243 279 4298 domino
303 4242 566 4298 161166666166Ρ
666 4243 699 4297 26
716 4258 746 4296 ac
763 4260 805 4297 om
824 4245 876 4299 Urs
977 4247 1122 4316 dignitatis
1140 4249 1207 4303 Sub:
1229 4250 1286 4318 dig·

174 4329 272 4383 nitates
292 4332 317 4383 P
