2904 4784
185 322 244 378 111

189 497 253 559 iam
276 493 372 559 luisse
394 494 522 577 factam,¹
543 515 578 561 ιιι
600 514 635 561 ee
658 494 880 578 cognoscimus,
904 499 985 579 quod
999 498 1082 563 inter
1097 499 1266 581 scripturas
1288 517 1308 564 a

191 597 346 680 Scaligero
375 616 410 662 ex
438 598 542 663 codice
570 601 728 679 excerptas
756 600 787 662 et
814 598 993 664 aMeursio
1019 601 1052 665 in
1076 601 1182 666 critico
1204 601 1307 667 Arno·

192 699 285 764 biano
308 699 406 764 editas
428 699 608 765 correctoris
623 719 641 763 r
654 701 783 764 inuenta
798 700 984 766 referuntur.
1008 720 1069 767 non
1084 703 1186 768 solum
1200 708 1309 770 autem

189 802 328 867 suissed
351 802 446 866 etiam
469 799 579 868 Sabaei
601 805 633 866 et
655 803 791 882 (ielenii,
814 802 945 868 fortasse
967 803 1061 872 etiarn
1084 805 1210 873 denteri
1234 825 1309 873 cou-

190 904 316 984 iecturis
339 906 389 970 nir
409 904 463 969 ille
486 905 595 971 doctus
617 923 690 970 usus
713 923 779 970 esse
801 905 942 974 uidetur:
966 913 1091 990 praesto
1114 909 1142 974 ei
1163 929 1225 977 non
1248 911 1309 979 fuit

194 1005 299 1070 Vrsini
322 1007 426 1072 editio.
942 1049 944 1055 ·

292 1109 363 1191 Ipse
386 1110 504 1175 contuli
525 1129 604 1176 anno
629 1112 710 1177 1867
732 1111 860 1177 Parisiis
876 1113 1014 1178 codicem
1029 1115 1174 1181 Arnobii:
1197 1118 1307 1196 postea

191 1210 312 1292 aliquot
339 1211 435 1292 locis,
462 1212 516 1279 nbi
547 1212 585 1278 de
614 1215 783 1296 scripturae
809 1217 944 1283 ueritate
972 1216 1116 1283 dubitare
1138 1237 1306 1300 coeperam,

191 1313 452 1380 intercedentibus
475 1314 614 1381 Vahleno
642 1318 673 1380 ιι
694 1317 835 1382 Hertelio
867 1319 901 1382 in
928 1337 1033 1382 meum
1053 1337 1146 1384 usum
1168 1319 1308 1386 officiose

192 1433 263 1480 eum
284 1417 483 1499 inspexerunt
505 1418 556 1484 W.
579 1419 741 1484 Forsterus
763 1423 794 1483 et
815 1420 846 1486 J.
869 1419 944 1486 Vrb.
967 1420 1088 1487 Jamilr.

288 1521 369 1586 Mire
380 1522 558 1603 corruptum
569 1521 726 1587 essehunc
736 1521 1308 1604 librummendisquescaterecuiusuis

189 1625 311 1705 generis
323 1626 433 1688 notum
449 1626 504 1688 est.
519 1625 573 1688 sed
588 1624 663 1688 haec
678 1625 747 1705 ipsa
762 1642 859 1705 paene
874 1625 1065 1690 incredibilis
1080 1626 1260 1707 deprauatio
1276 1628 1309 1692 in

70 1738 72 1743 ’
191 1744 284 1792 ιιιιι
306 1727 322 1792 f
342 1729 375 1805 ἰ,
397 1730 433 1792 ιι
455 1726 527 1792 inde
550 1744 568 1791 a
591 1726 702 1792 Sabaei
722 1726 915 1808 temporibus
936 1727 998 1792 uiri
1019 1729 1105 1793 docti·
1118 1731 1261 1794 certatim
1276 1729 1310 1794 in

191 1829 380 1894 emendando
395 1829 533 1894 Arnobio
546 1847 580 1894 se
595 1830 814 1911 experirentur.
831 1831 948 1912 optime
964 1833 1071 1897 antem
1084 1833 1122 1896 de
1137 1851 1173 1897 eo
1188 1851 1308 1896 merue-

190 1936 263 1998 runt
283 1936 407 2015 praeter
430 1935 545 1999 ceteros
557 1932 767 2016 Hieronymus
782 1934 953 2019 Ferrarius,
972 1936 1160 2000 Franciscus
1174 1936 1309 2000 Priscia-

190 2035 303 2115 neusis,
316 2035 532 2119 sigismundus
546 2035 702 2120 Gelenius,
715 2037 891 2103 Theodorus
904 2037 1065 2118 deuterus,
1077 2037 1208 2103 Fuluius
1219 2038 1309 2104 Ursi·

190 2140 359 2220 nascique,
372 2157 504 2222 quorum
516 2141 640 2205 curiose
651 2141 794 2204 adiutum
806 2157 872 2205 esse
884 2140 934 2206 hic
946 2141 1050 2217 refert,
1061 2142 1206 2216 uidelicet
1216 2141 1309 2205 Ioan-

191 2261 246 2308 nes
268 2243 411 2324 Baptista
432 2240 618 2324 Sighicellus
640 2245 673 2307 ιι
694 2242 806 2307 Petrus
829 2241 1010 2322 Chiaconus,
1034 2243 1144 2309 deinde
1161 2243 1310 2325 Iosephus

193 2347 299 2410 Iustus
312 2343 460 2427 Scaliger,
472 2343 773 2423 IoannesMeursius,
783 2343 928 2411 Claudius
941 2345 1121 2424 Salmasius,
1131 2345 1309 2410 Desiderius
1395 2355 1397 2359 ’

192 2448 360 2528 Heraldus,
384 2446 533 2513 Nicolaus
554 2448 720 2532 Rigaltius,
743 2448 858 2513 nostris
880 2448 1011 2530 denique
1037 2449 1227 2529 temporibus
1250 2448 1310 2512 Er-

194 2554 300 2617 nestus
322 2552 550 2618 Klussmennns
573 2554 605 2616 et
625 2550 761 2616 Michael
783 2551 920 2616 Ziukins.
942 2550 1081 2617 consulto
1097 2552 1187 2618 omisi
1200 2551 1309 2618 Hilde-

195 2654 319 2720 brandii
341 2656 373 2718 et
395 2652 520 2718 Oehleri
535 2653 670 2741 nomina,
693 2654 746 2735 qui
761 2651 899 2718 &nobie
914 2654 1015 2738 magis
1029 2656 1200 2720 nocuerunt
1215 2672 1308 2734 qnam

193 2757 386 2841 profuerunt.
410 2774 598 2839 quamquem
620 2757 704 2848 enim
725 2755 970 2822 Hildebrandius
990 2775 1072 2823 noua
1093 2757 1205 2822 codicis
1220 2757 1310 2821 Pari·

192 2859 254 2926 sini
276 2858 450 2926 conlatione
479 2877 498 2925 a
519 2877 552 2924 se
575 2859 741 2942 diligenter
763 2860 889 2941 quidem
908 2859 963 2924 sed
976 2877 1087 2943 parum
1101 2861 1199 2943 perite
1214 2859 1309 2936 sacta,

192 2962 343 3028 Oehlerus
363 2962 407 3027 M.
423 2960 525 3027 Orusii
545 2965 707 3043 apparatu,
729 2964 767 3027 de
789 2977 848 3043 quo
865 2960 947 3026 infre
961 2961 1127 3027 dicendum
1142 2964 1211 3039 erit,
1233 2979 1308 3026 usus
1357 3029 1360 3037 ,

193 3068 250 3141 est,
278 3067 408 3147 uterque
435 3083 510 3130 uero
543 3065 692 3129 nonnulla
719 3066 910 3147 emendarit,
932 3068 1040 3129 tamen
1065 3065 1182 3147 insigni
1203 3082 1310 3129 eorum

193 3167 389 3252 neglegentia
414 3166 570 3234 Arnobius
597 3170 672 3233 adeo
699 3169 840 3234 sordibus
869 3170 915 3232 est
936 3167 1127 3250 inquinatus,
1149 3169 1185 3231 ut
1206 3167 1240 3232 in
1260 3166 1310 3231 his

193 3270 353 3337 abluendis
375 3269 511 3335 multum
538 3270 687 3351 temporis
715 3273 746 3335 et
769 3287 879 3352 operae
902 3269 1153 3350 consumpserim.
1177 3269 1311 3353 ineptias

191 3370 413 3439 Hildebrandii
435 3370 594 3452 Oehlerus,
622 3373 681 3438 etsi
702 3375 886 3456 perpetuum
907 3372 972 3437 eius
996 3373 1209 3437 aduersarium
1233 3372 1310 3456 agit,

191 3476 256 3541 fere
283 3475 424 3556 sequitur
452 3476 603 3557 nouisque
630 3477 733 3561 auget.
761 3474 881 3558 aliquot
901 3473 1041 3539 incuriae
1062 3476 1246 3541 documenta
1272 3479 1309 3540 ιι

195 3580 324 3645 afferam
348 3615 385 3628 -
409 3577 515 3642 taedet
543 3579 626 3643 enim
648 3578 753 3654 omnia
773 3577 914 3661 persequi
938 3615 978 3627 -
1001 3578 1097 3644 uerba
1117 3577 1247 3643 Amobii
1269 3579 1308 3642 ab

192 3678 419 3747 Hildebrandio
440 3680 610 3745 oscitanter
631 3680 745 3746 omissa
767 3679 916 3746 Oehlerus
938 3698 1001 3745 nou
1022 3679 1109 3746 addit
1130 3698 1157 3744 e.
1173 3697 1200 3744 c.
1215 3698 1312 3760 cepoe

192 3781 406 3865 caecabantur
434 3779 552 3861 15,19‚
580 3785 609 3845 ιι
636 3786 748 3863 merto
774 3783 847 3863 223,
859 3783 916 3863 21,
942 3782 1068 3848 ἀιινιιιι
1089 3781 1163 3862 235,
1176 3782 1226 3862 14,
1256 3801 1312 3848 aec

192 3884 328 3950 rationis
356 3883 617 3967 crassescere
645 3884 718 3967 247,
731 3887 773 3952 10
801 3904 864 3952 csse
891 3885 1083 3968 mortiferae,
1105 3884 1202 3951 mmai
1223 3884 1311 3950 solo·

192 3991 284 4065 tores,
305 3985 401 4050 sbncl
422 3984 559 4063 26212.
703 3996 708 4013 '
1259 3970 1261 3976 ¹

295 4086 428 4172 Egregie
466 4106 517 4152 me
551 4086 701 4159 beneficio
728 4091 867 4157 deuinuit
899 4092 1030 4156 Ioannes
1058 4089 1231 4163 Vahlenus,
1259 4088 1313 4171 qni

193 4192 367 4259 Arnobinm
394 4208 501 4256 meum
534 4208 564 4255 a.
595 4192 678 4259 1873
705 4196 831 4261 ineunte
859 4192 1076 4261 vindobonam
1101 4190 1232 4257 missum
1258 4209 1313 4274 per

195 4313 297 4360 moras
324 4311 401 4376 quas
430 4293 618 4376 typographi
647 4298 848 4382 interponunt
874 4299 1047 4372 retrectans
1075 4311 1155 4377 quae
1176 4296 1225 4360 est
1245 4291 1312 4360 eius
