2904 4784
240 318 282 383 26
543 311 686 393 Arnobii
711 313 874 366 aduersus
897 310 1053 365 nationes

240 487 452 570 adrogantiam
479 485 663 550 constrinxit
690 487 824 551 nostram
852 486 884 550 et
910 485 1006 550 elatas
1033 482 1197 565 supercilio
1226 484 1359 549 ceruices

240 591 367 656 modum
392 589 466 655 fecit
494 606 565 654 suae
585 588 776 655 infirmitatis
798 605 974 671 agnoscere,
1006 587 1058 670 qni
1081 587 1252 652 animantia
1270 604 1358 651 mon·

241 694 353 760 stramt
374 692 517 757 informia
539 708 593 755 nos
615 709 688 769 esso,
712 691 800 758 uanis
823 690 1016 773 opinionibus
1038 689 1140 769 fidere,
1170 689 1251 755 nihil
1273 707 1357 755 com-

154 820 172 873 f,
184 796 421 880 apprehensum
443 795 564 872 habere,
585 794 664 859 nihil
686 793 815 860 scincet
837 812 917 876 quae
936 793 1055 858 nostros
1073 792 1077 876 1
1097 792 1159 858 sita
1185 794 1257 858 sunt
1286 793 1358 857 ante

240 899 342 965 oculos
364 896 566 976 renuidem,
596 898 649 980 qui
671 899 750 979 quod
772 896 875 961 omnia
895 896 1053 978 superauit
1075 897 1108 961 ot
1129 898 1358 979 transgressum
1379 919 1391 958 e

241 1004 288 1066 est
309 1019 445 1079 munera,
467 1000 505 1064 ab
521 999 721 1084 religionibus
742 1015 797 1064 nos
819 998 906 1064 falsis
928 998 1110 1082 religionem
1129 998 1305 1063 transduxit
1319 998 1358 1062 ad

241 1121 354 1182 ueram,
378 1102 432 1185 qui
454 1102 492 1167 ab
514 1102 612 1186 signis
634 1102 785 1168 inertibus
806 1102 898 1184 atque
921 1120 957 1167 ex
971 1102 1124 1167 uilissimo
1138 1101 1277 1167 formatis
1292 1102 1358 1165 luto

241 1207 280 1272 ad
308 1206 408 1272 sidera
440 1205 615 1272 subleuauit
643 1207 675 1271 et
702 1205 820 1271 caelum
848 1207 879 1271 et
907 1224 977 1271 cum
1011 1205 1134 1271 domino
1166 1225 1271 1271 rerum
1303 1207 1359 1270 deo

179 1340 182 1346 ’
242 1308 500 1392 supplicationum
522 1309 595 1374 fecit
616 1309 710 1374 uerba
730 1309 822 1391 atque
844 1308 1018 1374 orationum
1039 1309 1199 1391 conloquia
1220 1308 1358 1374 miscere.

192 1412 422 1490 asuenerabam
453 1412 638 1490 ocaccitas‚
671 1430 767 1494 nuper
800 1410 965 1477 simulacra
993 1412 1083 1477 modo
1117 1430 1152 1476 ex
1184 1410 1360 1477 fornacibus
1369 1443 1393 1482 no

242 1515 393 1598 prompta,
408 1515 442 1579 in
456 1515 618 1580 incudibus
633 1515 704 1580 deos
716 1515 748 1579 et
759 1533 796 1579 ex
805 1514 926 1580 malleis
937 1514 1112 1592 fabricatos,
1128 1515 1359 1598 elephantorum

241 1636 318 1696 ossa,
340 1618 484 1700 picturas,
508 1617 676 1686 ueternosis
698 1617 733 1683 in
754 1617 913 1683 arboribus
935 1617 1069 1694 taenias;
1096 1618 1122 1683 si
1144 1620 1265 1701 quando
1287 1636 1359 1684 oon·

242 1738 398 1804 spexeram
419 1720 606 1786 lubricatum
628 1720 764 1803 lapidem
787 1720 818 1784 et
841 1736 885 1784 ex·
897 1719 973 1784 oliui
994 1720 1131 1803 unguine
1152 1721 1358 1800 sordidatum,

241 1825 400 1906 tamqmm
427 1823 540 1890 inesset
566 1825 614 1889 uis
635 1841 791 1905 praesens,
823 1822 985 1901 adulabar,
1009 1822 1136 1888 adfabar
1162 1824 1360 1889 etbenelicia

242 1926 404 2008 poscebam
431 1925 511 1990 nihil
538 1926 689 1992 sentiente
717 1927 755 1991 de
776 1928 898 2006 trunco,
930 1926 961 1990 et
989 1943 1038 1992 eos
1066 1928 1148 2010 ipsos
1174 1926 1262 1992 diuos
1284 1944 1394 2009 quosne

243 2046 308 2094 esse
334 2028 413 2093 mihi
441 2047 648 2111 persuaseram
675 2028 853 2095 adficiebam
875 2029 1071 2095 contumeliis
1098 2030 1260 2113 grauibus,
1289 2047 1360 2094 cum

243 2149 292 2197 eos
322 2151 387 2197 esse
417 2131 578 2197 tradebam
606 2131 692 2216 ligna
727 2132 844 2214 lapidos
871 2132 963 2214 atque
991 2151 1061 2198 ossa
1092 2133 1205 2198 autin
1232 2133 1359 2201 huius·

243 2254 346 2300 rerum
372 2234 511 2300 habitare
538 2235 678 2300 materia.
716 2254 796 2300 nunc
821 2235 943 2301 doctore
964 2237 1052 2301 tanto
1074 2236 1106 2300 in
1129 2236 1196 2300 uias
1218 2234 1360 2300 ueritatis

243 2338 385 2403 inductus
418 2338 522 2402 omnia
553 2337 615 2402 ista
646 2356 723 2420 quae
751 2338 813 2402 sint
840 2337 916 2416 scio,
950 2337 1045 2422 digna
1069 2339 1105 2402 de
1127 2337 1228 2421 dignis
1250 2338 1359 2416 sentio,

244 2439 461 2506 contumeliam
482 2440 598 2506 nomini
620 2439 739 2505 nullam
760 2439 838 2506 facio
860 2438 974 2519 diuino,
997 2440 1116 2523 etquid
1131 2439 1394 2523 cuiquedebeaao

243 2545 295 2608 tur
316 2543 367 2608 uel
388 2560 534 2624 personae
556 2544 616 2608 uel'
628 2543 731 2625 capiti,
753 2541 921 2609 inconfusis
944 2543 1090 2626 gradibus
1112 2545 1205 2625 atquo
1225 2542 1359 2609 archri-

245 2647 363 2712 tatibus
385 2645 497 2711 tribuo.
534 2645 580 2711 ita
607 2662 678 2729 ergo
701 2643 853 2710 Christus
869 2663 929 2710 non
957 2645 1106 2712 habeatur
1127 2666 1145 2711 a
1166 2645 1254 2712 nobis
1286 2646 1360 2711 dens

245 2768 340 2831 neque
367 2750 449 2815 omni
470 2746 526 2813 illo
548 2747 601 2828 qui
623 2749 674 2812 uel
695 2747 847 2813 maximus
868 2747 971 2830 potest
999 2749 1164 2832 excogitari
1186 2748 1360 2813 diuinitatis

245 2851 405 2916 adficiatur
433 2850 580 2943 cultu‚.a
606 2867 665 2932 quo
692 2849 871 2937 iamdudum
904 2850 992 2916 tanta
1018 2853 1049 2916 et
1076 2851 1249 2932 accepimus
1283 2852 1361 2915 dona

197 2954 237 3016 lo
246 2955 386 3021 uiuentes
408 2957 440 3020 et
461 2953 662 3035 expectamus,
686 2954 750 3019 dies
777 2973 847 3020 cum
861 2954 990 3032 uenerit,
1013 2953 1182 3036 ampliora?
1210 2953 1265 3018 sed
1279 2954 1394 3034 pati-,5

245 3057 317 3122 bulo
339 3055 604 3122 adfixus-interiit.
634 3055 708 3138 quid
730 3057 813 3121 istud
835 3056 874 3121 ad
896 3059 1039 3144 causam?
1060 3074 1157 3138 neque
1179 3056 1264 3120 euim
1286 3073 1360 3136 qua·

245 3161 319 3226 litas
341 3161 372 3225 et
394 3158 572 3225 deformitas
598 3159 707 3225 mortis
734 3158 817 3225 dicta
844 3159 909 3224 eius
938 3158 1084 3225 immutat
1105 3163 1159 3224 aut
1181 3158 1278 3237 facta,
1307 3159 1361 3223 aut

175 3278 280 3330 atreo
301 3264 403 3328 minor
431 3262 587 3328 uidebitur
615 3262 848 3346 disciplinarum
877 3263 942 3328 eius
964 3261 1140 3340 auotoritas,
1168 3261 1172 3344 l
1197 3261 1269 3344 quia
1290 3262 1361 3325 uin·

246 3367 325 3432 culis
351 3365 482 3446 corporis
501 3381 571 3430 -non
605 3364 738 3430 naturali
761 3364 960 3431 dissolutione
993 3363 1148 3447 digressus
1170 3366 1217 3429 est
1248 3364 1301 3429 sed
1328 3364 1360 3427 ui

281 3638 296 3691 1
314 3636 472 3691 constrinxit
491 3635 556 3692 aa:
582 3637 743 3706 constringit
760 3639 788 3692 P
907 3639 925 3692 4
942 3638 1009 3694 sieta
1026 3639 1054 3692 P
1171 3639 1189 3692 6
1205 3637 1361 3705 religionem

246 3724 315 3779 Sub:
344 3724 473 3793 religione
490 3724 517 3777 P
652 3716 780 3778 ineram
800 3725 870 3780 Sub:
899 3740 962 3779 nera
979 3725 1006 3779 P
1139 3722 1292 3791 8dcmino]
1316 3708 1361 3777 dm

246 3808 307 3863 dP
409 3809 441 3863 11
459 3808 636 3864 elefantorum
653 3811 680 3864 P
782 3811 869 3865 12111
883 3812 909 3863 P
1010 3812 1043 3873 13
1061 3811 1179 3880 unguine
1197 3809 1361 3862 sordidatum

248 3894 339 3950 Solos:
356 3895 487 3964 unguiues
503 3894 655 3950 ordinatum
665 3897 692 3948 P
707 3898 824 3965 unguine
841 3896 992 3952 ordinatum
1008 3896 1060 3951 Sat
1163 3897 1195 3949 16
1213 3894 1361 3949 afficiebam

247 3980 317 4036 Sat:
330 4036 332 4042 ,
346 3979 509 4034 adfaciebam
535 3982 561 4033 P
671 3981 702 4034 11
730 3983 857 4037 decmbere
881 3983 1004 4053 11911111
1032 3983 1111 4037 huius
1139 3982 1211 4036 modi
1239 3981 1293 4037 sac

246 4067 379 4143 23'ncque
397 4067 469 4120 omui
486 4065 534 4120 illo
553 4067 599 4134 qni
617 4067 769 4136 mptum.-
791 4084 875 4138 neqne
892 4083 982 4123 omnes
999 4068 1117 4137 alioquin
1134 4069 1162 4122 P
1177 4084 1224 4122 noc
1242 4067 1290 4136 qui
1306 4083 1362 4120 om-

245 4153 320 4207 nium
343 4152 461 4222 alioquin
479 4152 535 4207 Sob
666 4153 700 4206 24
726 4154 871 4209 iamdudum
897 4156 925 4210 P
940 4169 1001 4210 corr
1074 4163 1082 4179 ‘
1137 4154 1171 4211 27
1191 4157 1252 4208 aaut
1268 4153 1295 4206 P

245 4238 279 4293 29
297 4239 458 4293 disolationc
476 4238 504 4292 P
604 4239 634 4292 ui
652 4238 720 4294 sac:
747 4244 778 4293 ut
796 4240 823 4294 P
928 4274 930 4279 -
1122 4260 1126 4267 ·
1334 4271 1337 4288 2
