2904 4784
248 392 289 458 22
550 388 695 444 arnobii
718 390 879 445 aduersus
902 389 1060 444 nationes

246 563 386 640 insitum,
409 580 474 628 esse
497 580 601 645 regern
623 580 658 627 ac
680 562 840 630 dominum
863 564 1042 628 cunctorum
1064 580 1271 644 quaecumque
1293 566 1368 639 sunt

246 666 492 731 moderatorem?
528 664 595 746 ipsa
622 664 753 747 denique
780 664 897 730 hiscere
924 665 951 729 si
973 663 1144 730 animantia
1172 666 1261 730 mute
1282 665 1367 746 potis

246 770 362 848 essent,
392 769 419 834 si
440 768 474 832 in
495 767 672 852 linguarum
694 769 870 834 nostrarum
893 767 1079 834 facilitatem
1101 767 1194 846 solui,
1218 768 1315 832 immo
1337 767 1364 832 si

245 873 366 941 arbores
387 871 514 955 glaebae
536 888 719 942 saxasensu
742 871 879 937 animata
907 871 998 937 uitali
1025 872 1109 938 uocis
1135 872 1272 937 sonitum
1294 870 1363 954 qui-

179 965 182 971 ’
246 976 314 1040 1011
335 977 366 1040 01
388 973 550 1040 uerborum
577 974 722 1040 articulos
749 975 916 1058 integrare,
946 975 993 1040 ita
1018 993 1078 1040 non
1101 975 1177 1043 duee
1199 977 1311 1040 natura
1332 976 1364 1039 et
1387 998 1406 1038 s

245 1078 402 1162 magistra,
426 1095 486 1142 non
508 1076 700 1158 incorruptae
722 1076 931 1160 simplicitatis
946 1077 1006 1142 fide
1021 1079 1052 1144 et
1067 1078 1284 1163 intellegerent
1299 1096 1364 1144 esse

195 1181 236 1244 11
247 1182 337 1247 deum
369 1182 401 1245 et
435 1181 614 1246 cunctorum
646 1179 806 1246 deminum
842 1181 942 1245 solum
978 1199 1043 1246 esse
1079 1181 1270 1247 clamarent?
1311 1183 1364 1247 sed

245 1283 373 1362 frustra,
395 1284 513 1366 inquit,
539 1300 594 1347 nos
616 1282 694 1348 falso
717 1285 748 1349 et
770 1284 958 1350 calumnioso
986 1284 1139 1350 incessitis
1163 1285 1193 1350 et
1215 1273 1364 1368 adpetitis

245 1387 387 1466 crimine,
411 1388 570 1468 tamquam
592 1404 698 1451 eamus
719 1385 838 1452 infitias
854 1405 927 1452 -esse
948 1387 1040 1452 deum
1062 1387 1227 1467 maiorem,
1251 1406 1322 1453 cum
1345 1406 1363 1452 a

244 1490 332 1560 nobis
356 1492 387 1554 et
408 1489 548 1572 Iuppiter
575 1489 749 1555 nominetur
772 1491 804 1555 et
825 1490 960 1572 optimus
986 1490 1135 1556 habeatur
1157 1494 1189 1556 et
1209 1492 1405 1558 maximusno

245 1613 375 1676 cumque
402 1593 451 1659 illi
482 1592 718 1678 augustissimas
750 1594 836 1660 sedes
868 1597 898 1661 et
927 1594 1082 1678 capitolia
1112 1593 1362 1660 constituerimus

244 1697 399 1762 immania.
437 1695 603 1762 dissimilia
630 1697 772 1780 copulare
788 1699 892 1781 atque
920 1698 953 1763 in
980 1716 1073 1762 uuam
1100 1698 1234 1780 speciem
1256 1716 1364 1782 cogere

244 1800 369 1865 inducte
391 1800 565 1866 confusione
587 1801 749 1866 conamini.
786 1821 871 1867 nem
883 1802 956 1866 deus
972 1794 1164 1883 omnipotens
1184 1803 1288 1868 mente
1302 1820 1363 1866 una

244 1903 381 1968 omnium
403 1904 435 1968 01
456 1904 612 1970 communi
633 1905 835 1970 mortalitatis
857 1906 988 1971 adsensu
1003 1923 1099 1987 neque
1119 1905 1242 1988 genitus
1267 1904 1363 1969 scitur

243 2025 339 2088 neque
361 2023 473 2073 nouam
495 2009 527 2073 in
549 2007 650 2073 lucem
672 2007 837 2090 aliquando
865 2027 930 2074 esse
957 2009 1096 2090 prolatus
1124 2027 1179 2073 nec
1202 2026 1237 2072 ex
1259 2007 1399 2089 aliquem

242 2110 389 2193 temporis
410 2112 523 2192 puncto
545 2109 679 2192 coepisse
701 2111 839 2177 essem]
861 2112 991 2177 saeculo.
1029 2111 1095 2193 ipse
1120 2112 1167 2177 001
1183 2111 1272 2175 enim
1294 2110 1367 2175 fons·

241 2231 355 2291 rerum,
378 2215 461 2278 sator
483 2213 674 2278 saeculorum
695 2232 731 2279 ac
755 2216 937 2295 temporum.
975 2232 1035 2280 non
1061 2214 1143 2278 enim
1165 2213 1232 2295 ipsa
1253 2231 1307 2294 per
1329 2231 1361 2278 se

243 2316 389 2381 suntsed
411 2335 446 2381 ex
469 2316 534 2381 eius
555 2317 761 2399 perpetuitate
782 2323 928 2401 perpetua
950 2319 981 2383 et
1005 2316 1127 2382 11111110
1148 2334 1267 2398 semper
1289 2332 1360 2380 con·

242 2419 413 2484 tinuatione
427 2419 603 2502 procedunt.
641 2422 674 2486 at
695 2437 767 2486 uero
782 2421 921 2504 Iuppiter
942 2422 978 2487 ut
1003 2438 1058 2485 uos
1084 2420 1171 2486 fertis
1195 2420 1226 2484 et
1240 2418 1360 2502 patrem

241 2521 334 2587 habet
362 2522 393 2587 et
419 2524 566 2604 matrem,
597 2542 670 2590 auos
706 2524 792 2590 auias
822 2523 947 2603 fratres,
978 2538 1059 2589 nunc
1084 2542 1182 2607 nuper
1212 2522 1245 2585 in
1273 2523 1402 2586 uteroso

240 2625 350 2689 matris
380 2643 456 2690 suas
488 2625 652 2704 formatus,
687 2627 845 2693 absolutus
877 2627 1034 2692 mensibus
1067 2629 1099 2691 01
1132 2625 1359 2691 consummatus

241 2727 354 2792 dicitnr
375 2730 477 2794 decem
499 2729 637 2812 ignotam
659 2729 719 2795 sibi
740 2717 773 2793 in
789 2729 890 2795 lucem
904 2747 994 2794 sensu
1008 2729 1140 2795 inruisse
1155 2727 1254 2793 uitali.
1277 2744 1358 2810 ergo,

241 2831 267 2893 si
289 2830 364 2896 baec
392 2832 437 2896 ita
463 2833 552 2911 sunt,
586 2833 725 2916 Iuppiter
742 2844 817 2899 'esse
845 2834 919 2898 deus
947 2832 1001 2913 qui
1025 2831 1140 2914 potest,
1175 2849 1245 2895 cum
1268 2830 1359 2894 illum

157 2939 232 2991 crab
242 2949 307 2996 esse
333 2935 516 3015 perpetuum
544 2937 662 3000 constet
684 2935 716 3000 et
742 2935 939 3016 perhibeatur
961 2934 1040 2999 alter
1061 2951 1080 2997 a
1101 2933 1187 2999 uobis
1213 2932 1218 3017 1
1243 2939 1273 2997 01
1295 2932 1359 2997 dies

240 3035 381 3100 habuisse
402 3037 519 3102 natales
541 3039 573 3103 et
593 3036 774 3120 pauefactus
795 3055 827 3102 re
848 3055 928 3104 nona
954 3036 1186 3102 lamentabilem
1214 3035 1359 3100 extulisse
1368 3055 1400 3095 00

169 3202 171 3209 ,
192 3137 407 3221 tbuagitum?
435 3143 487 3205 sed
508 3141 581 3219 sint,
604 3141 640 3205 ut
661 3140 772 3219 uultis,
794 3160 891 3207 uuum
912 3159 968 3206 nec
989 3140 1021 3204 11
1043 3139 1148 3221 aliqua
1168 3139 1201 3204 ui
1224 3138 1359 3202 numinis

242 3243 273 3306 01
294 3242 457 3307 maiestate
483 3243 648 3308 distantes:
683 3243 790 3324 ecquid
818 3261 890 3326 ergo
917 3242 1042 3307 iniustis
1063 3241 1283 3324 persequimini
1305 3259 1360 3305 nos

240 3343 339 3408 odiis?
361 3345 434 3426 quid
456 3346 493 3409 ut
513 3346 623 3411 ominis
646 3345 773 3427 pessimi
788 3346 887 3410 nostri
900 3345 1033 3409 nominis
1047 3344 1256 3410 inhorrescitis
1271 3361 1357 3408 men·
1418 3382 1424 3394 ·

236 3446 362 3525 tionem,
385 3448 412 3511 si
434 3467 526 3530 quem
547 3450 638 3515 deum
660 3448 771 3526 colitis,
795 3467 865 3513 eum
887 3451 1010 3513 011001
1031 3448 1088 3513 aut
1108 3448 1236 3530 quidin
1253 3447 1359 3510 eadem

240 3568 330 3615 causa
357 3550 443 3615 uobis
471 3570 536 3617 esse
564 3551 750 3617 contenditis
780 3549 949 3617 familiares
976 3552 1063 3628 deos,
1097 3551 1237 3616 inimicos
1265 3551 1397 3631 atquem

273 3803 406 3857 2111000ῐο
425 3803 496 3858 Sabe
520 3805 620 3858 1100010
638 3805 663 3856 Ρ
772 3808 847 3860 muta
865 3806 892 3860 P
993 3807 1064 3874 potis
1089 3809 1178 3859 000011
1196 3804 1286 3859 Salen:
1313 3821 1358 3872 pc·

238 3888 355 3942 tuissent
372 3890 399 3943 P
416 3892 523 3958 possent
544 3890 597 3944 Urs
724 3893 743 3945 4
760 3892 869 3960 glaeuae
888 3893 915 3946 P
931 3908 993 3946 corr
1009 3908 1026 3943 r
1145 3893 1162 3944 5
1178 3891 1245 3955 duce
1264 3892 1291 3945 P

240 3973 273 4027 13
289 3973 396 4028 indocta
419 3975 471 4028 Urs
574 3976 607 4029 16
618 3979 736 4045 tempore
749 3976 804 4031 Sub
907 3981 1006 4047 puncto
1018 3977 1118 4031 addidi
1220 3978 1252 4030 17
1263 3993 1360 4031 00000-

238 4059 324 4117 lorum
349 4059 377 4113 P
490 4061 522 4114 19
541 4061 655 4130 iuppitcr
679 4062 707 4115 P
819 4063 853 4116 22
879 4062 977 4117 dicitur
1003 4062 1059 4116 add
1085 4063 1291 4116 Klucsneaauus

239 4160 344 4199 sensnm
356 4146 456 4201 Pcorr
551 4146 633 4200 irruit
645 4162 672 4200 00
689 4147 741 4201 Urs
838 4148 872 4202 24
889 4151 992 4202 constet
1008 4149 1037 4202 et
1055 4147 1125 4203 Sub:
1143 4150 1247 4202 0010101
1263 4148 1291 4201 Ρ

238 4231 271 4283 26
288 4233 331 4283 ui·
343 4231 371 4282 P
462 4231 495 4285 21
513 4231 668 4287 maiestate·
681 4232 708 4286 P
803 4233 896 4302 ecquid
914 4233 987 4288 Sub:
1003 4237 1033 4288 et
1048 4233 1112 4302 quid
1128 4234 1154 4287 P
1247 4232 1364 4286 08011-

232 4316 280 4366 nis
301 4315 366 4368 Get:
390 4318 509 4370 homines
527 4318 554 4370 P
655 4317 862 4372 110111010801
