2904 4784
71 343 112 408 28
373 339 513 396 Arnobii
537 341 701 396 aduersus
725 342 885 397 nationes

72 514 98 579 si
122 517 206 580 certa
229 516 276 579 est
309 514 402 595 ratio,
437 533 491 580 cur
511 514 544 579 id
567 514 654 579 uobis
683 514 856 581 faciendum
886 514 1017 597 putetis,
1051 517 1082 581 et
1104 515 1192 581 nobis

80 616 253 699 permittite
279 617 370 694 seire,
405 616 517 698 quibus
543 617 627 682 istud
655 617 754 684 cauus
781 617 1011 700 rationibusque
1034 617 1191 684 faciamus.

31 723 185 790 lznatum
212 721 367 785 hominem
389 720 498 785 colitis.
532 719 655 786 etiamsi
678 721 759 786 esset
779 721 811 786 id
843 739 969 800 uerum,
1002 722 1079 788 locis
1101 724 1192 788 utin

72 823 278 906 superioribus
300 823 503 901 dictumest,
527 823 631 888 tamen
658 841 712 907 pro
740 823 849 889 multis
872 827 904 889 et
925 814 1192 891 tam‘liberalibus

72 927 159 991 donis
181 945 258 1009 qnae
280 927 318 991 ab
341 943 375 990 eo
402 925 538 1007 profecta
555 925 588 990 in
603 926 692 993 nobis
718 928 791 993 sunt
813 927 886 992 deus
902 925 964 992 dici
982 927 1195 1011 appellarique
1215 953 1225 991 e

72 1030 204 1096 deberet.
242 1048 312 1095 cnm
334 1046 405 1094 uero
428 1029 502 1094 deus
517 1028 560 1095 eit
574 1048 606 1095 re
621 1032 750 1095 certast
765 1031 831 1096 sine
845 1030 941 1094 ullius
957 1030 1052 1096 seriae
1067 1029 1190 1097 dubita·

72 1133 165 1197 tionis
187 1132 339 1216 ambiguo,
363 1132 550 1198 infitiaturos
570 1132 764 1198 arbitremini
779 1152 834 1199 nos
850 1150 925 1212 esse,
949 1152 1043 1215 quam
1057 1135 1190 1199 maxime

20 1239 25 1252 '
71 1234 162 1299 illum
183 1235 222 1300 ab
248 1234 334 1300 nobie
363 1235 420 1299 coli
442 1237 474 1300 et
502 1235 675 1318 praesidem
708 1236 804 1302 nostri
834 1235 966 1318 corporis
996 1236 1190 1320 nuncupari?

72 1356 191 1424 ergone,
224 1337 343 1420 inquiet
365 1336 477 1420 aliquis
505 1336 610 1403 furens
638 1338 736 1404 iratus
759 1339 790 1404 et
810 1338 954 1421 potuitne,
978 1342 1050 1404 deus
1073 1339 1127 1404 ille
1142 1342 1190 1405 est

72 1440 234 1506 Christus?
256 1439 341 1519 dens,
364 1441 621 1523 respondebimus,
645 1442 677 1506 et
690 1440 871 1506 interiorum
892 1441 1102 1524 potentiarum
1115 1446 1224 1507 denso

72 1547 103 1609 et
135 1545 214 1625 quod
247 1543 348 1627 magis
382 1542 490 1609 infidos
528 1543 732 1610 acerbissimis
765 1543 920 1609 doloribus
953 1545 1110 1626 torqueat,
1144 1545 1189 1609 rei

72 1647 222 1711 maximae
249 1664 340 1711 causa
363 1663 524 1711 asummo
547 1663 617 1729 rege
639 1645 678 1710 ad
700 1662 753 1711 nos
776 1646 896 1712 missus.
934 1646 1106 1727 postulabit
1128 1647 1188 1711 for·

70 1750 151 1815 sitan
174 1749 309 1814 insanior
331 1749 362 1813 et
384 1749 527 1814 furiosior
548 1747 662 1826 factus,
686 1767 725 1813 an
746 1766 778 1814 se
799 1749 845 1813 ita
867 1767 914 1814 res
933 1749 1058 1830 habeat,
1082 1769 1188 1832 quem·
1237 1734 1238 1739 ἵ

72 1852 238 1917 admodum
260 1851 402 1930 dicimus,
426 1850 626 1934 comprobari.
666 1850 752 1917 nulla
774 1852 871 1917 maior
896 1852 942 1916 est
970 1854 1188 1935 comprobatio,

70 1974 161 2037 quam
194 1954 351 2038 gestarum
373 1953 412 2018 ab
434 1970 469 2018 eo
491 1953 565 2018 fides
598 1972 714 2033 rerum,
749 1972 842 2036 qnam
870 1955 1023 2020 uirtutum
1053 1957 1221 2036 nouitas,1e

71 2077 163 2140 quam
197 2056 300 2122 omnia
327 2055 411 2121 uicta
438 2056 560 2125 decreta
587 2056 794 2140 dissolutaque
824 2056 946 2135 fatalia,
976 2077 1054 2141 quae
1082 2059 1187 2142 populi

0 2162 235 2245 ,regentesque
257 2178 311 2224 suo
334 2158 399 2242 geri
421 2159 479 2224 sub
501 2159 619 2225 lumine
652 2160 737 2224 nullo
765 2159 964 2225 dissentiente
998 2161 1151 2240 uiderunt,
1179 2161 1184 2248 Ι

71 2282 145 2347 quae
168 2281 223 2328 neo
251 2262 311 2345 ipsi
340 2262 456 2327 audent
484 2261 632 2332 falsitatis
659 2281 802 2347 arguere,
832 2281 962 2345 qnorum
990 2265 1133 2347 antiquas
1156 2267 1187 2331 et

70 2367 185 2450 patrias
221 2365 304 2450 leges
341 2364 488 2430 uanitatis
524 2383 590 2431 esee
625 2367 821 2448 plenissimas
858 2367 950 2448 atque
986 2367 1185 2432 inanissimae

22 2477 61 2541 43
72 2469 296 2552 superstitionis
318 2467 460 2534 ostendit.
499 2486 677 2534 occursurus
699 2469 826 2534 forsitan
849 2487 953 2533 rursus
969 2471 1100 2535 osteum
1116 2471 1220 2535 aliisae

71 2572 179 2639 multis
207 2571 403 2637 calumniosis
434 2570 499 2636 illis
532 2574 563 2636 et
595 2571 766 2654 puerilibus
798 2571 938 2637 uocibus:
973 2591 1082 2657 magus
1115 2574 1185 2652 fuit,

71 2675 265 2741 clandestinis
287 2674 405 2740 artibus
428 2675 531 2739 omnia
551 2675 608 2740 illa
622 2673 758 2756 perfecit,
783 2675 1006 2760 Aegyptiorum
1028 2694 1063 2741 en
1084 2675 1186 2759 adytis

71 2779 247 2862 angelorum
269 2777 442 2859 potentium
464 2778 587 2843 nomina
609 2779 641 2842 et
654 2779 788 2843 remotas
804 2776 923 2842 furatus
935 2780 982 2842 est
998 2776 1183 2860 disciplinas.

71 2880 144 2964 quid
166 2880 285 2958 dicitis,
307 2897 324 2943 o
347 2879 485 2962 paruuli,
508 2881 697 2962 incomperta
719 2880 807 2944 uobis
830 2881 861 2944 et
882 2880 984 2944 nescia
1005 2881 1186 2946 temerariae

70 2983 153 3048 uocis
175 2982 360 3064 loquacitate
381 2982 572 3067 garrientes?
595 3001 704 3068 ergone
725 2982 781 3048 illa
803 3000 879 3065 quae
905 2983 992 3067 gesta
1018 2985 1091 3048 eunt
1113 2984 1219 3048 dee-rs

70 3104 195 3150 monum
218 3084 303 3149 fuere
323 3085 509 3169 praestigiae
531 3088 563 3151 et
584 3086 773 3169 magicarum
795 3085 911 3152 artium
933 3085 1020 3150 ludi?
1056 3087 1186 3168 potestis

70 3188 202 3270 aliquem
232 3187 320 3252 nobis
350 3187 526 3272 designare,
561 3189 732 3253 monstrare
754 3207 789 3253 ex
810 3188 953 3252 omnibus
980 3187 1046 3253 illis
1074 3191 1183 3272 magis,

70 3292 123 3374 qui
145 3309 289 3373 umquam
313 3290 397 3356 fuere
408 3307 472 3372 ¹per
486 3290 616 3367 saecula,
640 3290 799 3356 consimile
813 3290 931 3372 aliquid
945 3289 1066 3356 Christo
1082 3291 1184 3355 mille-

71 3394 149 3459 sima
171 3412 207 3458 ex
227 3392 315 3477 parte
344 3392 397 3474 qui
425 3392 551 3458 fecerit?
587 3393 640 3474 qui
669 3392 736 3457 sine
757 3393 822 3458 ulla
844 3393 877 3458 ui
899 3392 1083 3471 carminum,
1119 3395 1184 3459 sine

71 3497 233 3561 herbarum
259 3496 291 3561 et
318 3495 494 3580 graminum
523 3495 614 3572 sucis,
646 3495 711 3560 sine
740 3494 804 3560 ulla
836 3495 940 3577 aliqua
972 3497 1219 3562 obseruationem

104 3835 221 3890 luobus
247 3836 380 3889 Pcorrr
498 3835 588 3889 3esse
610 3836 635 3886 P
734 3836 970 3906 beppellariquee
997 3841 1023 3890 P
1038 3855 1100 3894 corr

70 3922 184 3977 (isariae
200 3921 312 3989 scripsi:
342 3921 380 3974 rei
399 3922 426 3975 P
443 3920 488 3974 del
511 3921 563 3975 Ure
698 3922 822 3978 8aSab
959 3926 990 3978 11
1008 3925 1183 3979 aceruissimis

70 4010 96 4061 P
111 4019 190 4062 corr'
309 4007 341 4060 12
365 4006 476 4067 manime
494 4008 520 4058 P
653 4008 800 4076 postulabit
827 4009 895 4064 sao.-
925 4011 1076 4082 postulauit,¹
1092 4013 1118 4064 P

70 4095 102 4148 17
119 4096 262 4163 gentesque
281 4093 350 4147 Sab:
376 4095 469 4160 gentes
496 4094 606 4162 qnaaP
706 4095 763 4164 geri
789 4095 838 4149 snb
863 4096 964 4150 lumine
986 4096 1051 4151 Ura:
1079 4100 1184 4166 generis

70 4178 212 4233 sublimine
224 4179 250 4229 P
349 4165 425 4232 uide'r
438 4179 464 4231 P
481 4177 571 4233 uidere
584 4178 637 4233 aab
735 4181 767 4236 18
779 4183 806 4234 et
820 4180 884 4235 Gal:
903 4181 948 4236 sed
961 4182 988 4235 P
1004 4198 1049 4235 seu
1063 4182 1117 4238 sao

70 4266 102 4319 21
116 4269 294 4332 strepuere.
308 4266 334 4315 P
434 4264 635 4319 ddenaeaciaP
698 4259 702 4272 '
735 4267 768 4319 27
786 4267 855 4320 illais
873 4269 899 4318 P
