2904 4784
665 375 764 430 Liber
788 374 809 430 l.
1274 378 1293 440 9

175 564 210 610 66
232 548 397 611 notamen
423 547 546 612 omnino
573 547 647 629 quid
673 547 822 612 derebus
850 546 1026 611 huiuamodi
1054 547 1185 612 sentiam
1214 546 1322 612 nihile

174 648 282 714 uidear
303 649 509 733 interrogatus
532 668 720 732 expromere,
750 668 874 734 possum
896 650 1010 715 dicere:
1044 650 1119 731 quid
1141 650 1238 728 enim,
1267 651 1294 714 si

173 751 275 834 prima
297 753 452 830 materies,
474 771 552 835 quae
573 753 606 816 in
627 771 730 817 rerum
753 754 899 835 quattuor
920 753 1072 817 elementa
1094 753 1214 837 digesta
1236 753 1292 832 est,

172 855 370 935 miseriarum
391 857 530 920 omnium
552 875 658 922 causas
680 856 744 944 suia
768 857 908 923 continet
927 857 960 920 in
982 855 1154 921 rationibus
1168 855 1293 919 inuolu-

152 958 244 1022 etas?
266 959 340 1040 quid
363 958 389 1022 si
412 959 549 1025 siderum
575 961 677 1024 motus
704 959 796 1024 certis
823 959 919 1042 signis
942 959 1081 1042 partibus
1102 958 1292 1041 temporibus

172 1060 265 1125 lineis
292 1061 416 1142 pariunt
442 1063 517 1128 haec
544 1063 627 1128 mala
650 1064 681 1126 et
708 1063 852 1128 subiectis
880 1062 1024 1127 adferunt
1050 1062 1205 1127 uariorum
1228 1061 1292 1125 dis-

172 1164 340 1230 criminum
361 1166 581 1231 necessitates?
610 1166 726 1248 quidsi
742 1167 833 1232 statis
848 1166 1038 1248 temporibus
1052 1184 1153 1230 rerum
1170 1163 1292 1228 uicissi-

170 1266 296 1333 tudines
317 1268 395 1334 fiunt
421 1270 515 1351 atque
537 1270 626 1335 utin
653 1271 819 1335 maritimis
842 1268 847 1355 Ι
870 1270 1005 1335 66661666
1032 1268 1122 1335 modo
1145 1266 1293 1335 secundae
1303 1285 1319 1336 r.
1330 1284 1360 1335 ab

171 1388 221 1434 res
244 1371 385 1437 adfluunt
414 1374 505 1439 modo
533 1392 638 1439 rursus
667 1372 800 1438 refluunt
829 1372 920 1438 malis
942 1371 1200 1453 reciprocantibus
1221 1388 1292 1454 pro-

139 1500 164 1538 10
172 1477 281 1565 spera?
311 1476 386 1557 quid
408 1478 435 1542 ei
455 1478 602 1542 materiae
625 1477 693 1541 faex
714 1476 784 1554 ista,
807 1495 900 1557 quam
923 1474 979 1539 sub
1002 1475 1117 1540 nostris
1139 1474 1292 1539 calcamus

171 1575 377 1659 ingressibus,
407 1580 485 1644 hanc
505 1580 599 1645 habet
621 1580 683 1643 sibi
710 1580 813 1662 legem
840 1578 945 1643 datam
972 1579 1009 1642 ut
1036 1577 1153 1659 expiret
1179 1595 1293 1642 nocen-

171 1679 310 1762 tissimos
331 1683 458 1762 halitus,
481 1684 593 1765 quibus
615 1683 775 1765 corruptus
797 1700 849 1746 aer
870 1682 929 1745 iste
949 1682 980 1744 at
995 1680 1170 1761 corporibus
1191 1678 1293 1743 labem

172 1781 253 1847 ferat
279 1788 310 1849 et
336 1787 459 1870 negotia
485 1787 621 1852 infirmet
646 1787 802 1851 humana?
836 1784 911 1867 quid
938 1785 979 1862 si,
1013 1783 1093 1865 quod
1120 1783 1293 1865 proximum

172 1903 246 1949 uero
276 1888 337 1966 est,
371 1888 517 1970 quioquid
545 1888 632 1954 nobis
654 1888 779 1953 uidetur
801 1887 979 1964 aduersum,
1013 1887 1130 1952 mundo
1152 1885 1210 1966 ipsi
1233 1903 1293 1949 non

138 2011 163 2050 6
172 1988 221 2052 666
243 1989 361 2054 malum
384 1992 546 2073 omniaque
568 2009 644 2074 quae
666 1990 747 2055 fiunt
768 1990 880 2054 nostris
901 1989 1172 2054 commoditatibus
1193 1988 1293 2053 66666-

173 2094 269 2169 entes,
292 2094 486 2177 opinionibus
507 2093 643 2176 inprobis
665 2093 865 2157 criminemur
890 2093 1000 2157 auenta
1022 2091 1169 2156 naturae?
1202 2092 1293 2156 Plato

172 2194 231 2261 ille
254 2197 397 2262 sublimis
420 2216 496 2280 apex
517 2195 768 2278 philosophorum
791 2197 823 2259 66
844 2195 983 2260 columen
998 2212 1088 2257 saeua
1102 2194 1160 2258 illa
1174 2193 1294 2258 diluuia

173 2299 206 2363 et
233 2300 484 2383 conflagrationes
511 2298 620 2364 mundi
649 2299 864 2382 purgationem
896 2299 1047 2362 terrarum
1077 2297 1140 2361 suis
1168 2314 1233 2362 6666
1261 2296 1293 2360 16

174 2403 406 2469 commentariis
428 2402 564 2485 prodidit
590 2421 645 2466 nec
666 2402 715 2465 uir
737 2401 867 2483 prudens
890 2400 1033 2465 extimuit
1057 2399 1186 2464 humani
1201 2417 1293 2482 gene-

137 2505 219 2569 aoris
241 2506 470 2571 subuersionem
504 2506 622 2570 cladem
650 2505 752 2568 ruinas
779 2504 924 2568 interitus
945 2503 1052 2568 limera
1077 2522 1179 2567 rerum
1204 2503 1293 2566 inno-

173 2608 332 2673 uationem
354 2628 472 2687 uocare,
496 2609 609 2673 etenim
632 2608 825 2671 iuuentutem
839 2608 888 2671 his
904 2606 1059 2689 quandam
1074 2606 1291 2689 redintegratis

173 2710 295 2776 uiribus
317 2713 497 2795 comparari.
537 2729 595 2776 non
618 2711 709 2792 pluit,
731 2709 849 2791 inquit,
873 2709 992 2775 caelum
1019 2712 1050 2774 66
1069 2707 1321 2774 frumentorumt

172 2814 277 2896 inopia
291 2816 390 2880 neseio
406 2834 466 2897 qua
480 2815 667 2880 laboramus.
691 2813 765 2895 quid
786 2813 868 2876 enim
889 2813 1037 2878 inseruire
1058 2813 1210 2877 elementa
1230 2812 1292 2876 tuis

173 2918 410 2985 necessitatibus
424 2918 562 3000 postulas
584 2919 674 2999 atque
694 2918 730 2980 ut
756 2917 860 2982 uiuere
882 2917 1006 2981 mollius
1028 2916 1060 2980 66
1081 2914 1242 2980 delicatius
1258 2915 1293 2978 tu

138 3022 283 3105 reposcis,
306 3023 450 3105 obsequia
472 3023 642 3103 temporum
666 3020 728 3084 tuis
743 3021 853 3085 dabant
869 3018 1138 3084 commoditatibus
1153 3037 1185 3082 se
1199 3017 1293 3083 dare?

174 3125 250 3207 quid
272 3125 354 3189 anim
375 3126 403 3190 61
424 3126 481 3190 hoc
507 3124 596 3207 pacto
622 3123 828 3213 nauigationis
856 3122 1073 3204 cupidissimus
1095 3122 1295 3203 conqueratur

175 3229 285 3294 uentos
306 3228 423 3294 iamdiu
445 3246 504 3293 non
527 3247 592 3294 6666
615 3230 646 3293 66
661 3227 737 3292 66611
753 3226 961 3307 conquieuissa
975 3223 1123 3289 flaturas?
1145 3225 1294 3306 numquid

175 3330 244 3396 ideo
260 3333 422 3397 dicendum
437 3334 494 3410 est,
510 3332 710 3414 perniciosam
725 3349 791 3396 6666
805 3329 1064 3411 tranquillitatem
1075 3328 1164 3392 illam
1176 3329 1292 3405 mundi,

176 3434 249 3516 quia
271 3435 444 3500 uectoribus
467 3435 616 3516 impediat
637 3436 731 3498 uota?
762 3433 836 3515 quid
858 3433 885 3496 si
908 3434 970 3498 sole
992 3432 1104 3514 aliquis
1126 3434 1240 3497 torrere
1262 3451 1293 3496 se

280 3587 312 3641 16
330 3587 397 3641 Tim.
417 3603 442 3656 p.
461 3588 497 3643 22
514 3586 546 3641 cl.
565 3586 638 3654 Orig.
658 3590 749 3640 contra
768 3585 836 3640 Cels.
853 3584 881 3652 4,
900 3586 933 3638 16

209 3723 294 3777 46616
311 3725 366 3790 Gal,
379 3741 409 3778 r:
428 3725 470 3777 uie
483 3724 511 3777 P
609 3723 639 3776 in
650 3721 800 3776 rationibus
817 3721 883 3775 Ure:
902 3721 1103 3776 imitationibus
1115 3723 1143 3776 P
1154 3721 1293 3775 rotationi-

175 3810 225 3863 bus
245 3811 294 3865 Gel
405 3810 463 3864 561
480 3827 540 3879 sap.
558 3825 630 3864 6666.
648 3809 675 3862 P
787 3808 912 3862 7⁶statis
930 3808 957 3862 P
973 3824 1066 3862 66666
1175 3807 1208 3860 10
1225 3807 1293 3861 6616-

151 3911 235 3966 ,mus
252 3895 280 3949 P
296 3912 359 3950 6666
461 3895 615 3949 1216611666
640 3893 693 3948 Sub
712 3896 744 3948 666
761 3910 822 3947 err:
853 3893 962 3947 habitus
980 3893 1008 3947 P
1110 3893 1143 3946 14
1165 3892 1293 3961 quidquid

175 3983 203 4036 P
220 3999 282 4038 corr
383 3984 416 4036 15
433 3982 573 4051 'omniaque
595 3996 661 4050 quae
681 3980 746 4034 eea.-
777 3980 866 4033 omnia
884 3994 975 4049 quaeq.
994 3979 1022 4033 P
1125 3978 1157 4033 16
1171 3977 1293 4047 *inprobis

176 4067 245 4122 aab:
265 4069 436 4137 inprobrisP
526 4069 619 4121 ouenta
636 4067 701 4121 Gal:
720 4068 813 4119 euento
827 4069 852 4118 P
941 4064 1090 4128 1711161)
1180 4065 1214 4117 20
1232 4063 1293 4117 sub-

174 4153 323 4207 uersionem
341 4155 368 4208 P
478 4153 649 4207 innodatione
667 4151 695 4205 P
711 4167 805 4206 66666
915 4152 949 4205 21
967 4151 1065 4205 atenim
1087 4150 1157 4204 Urs:
1176 4150 1249 4203 etin
1267 4149 1294 4202 P

175 4241 203 4294 et
218 4240 268 4294 eea
285 4243 312 4294 66
328 4240 608 4294 1666Κ16666666666
710 4237 966 4306 22166616Ρ6666
1068 4236 1294 4289 2811166Ρ6666
