2904 4784
611 328 711 384 aruer
727 328 764 383 11.
855 286 858 298 ¹
1202 329 1247 396 53

128 519 180 566 nos
213 501 362 579 dicimus,
394 501 548 567 radiorum
581 503 612 566 et
644 500 772 566 luminis
811 499 979 566 intentione
1012 500 1170 566 uideamus
1203 521 1243 566 an

128 623 226 669 rerum
249 604 402 688 imagines
430 604 575 670 aduolant
596 605 629 669 et
649 604 763 671 nostris
785 604 818 669 in
840 603 963 687 pupulis
985 603 1105 681 sidant;
1138 605 1243 668 utrum

128 724 215 789 sapor
243 707 276 771 in
307 706 398 772 rebus
430 707 473 771 sit
505 725 544 773 an
573 707 671 790 palati
700 707 933 791 contagionibus
961 706 1032 784 fiat;
1067 706 1177 788 quibus
1207 725 1243 771 ex

128 809 225 875 causis
253 809 310 891 pili
343 809 497 894 nigrorem
531 809 705 893 ingenitum
732 811 846 893 ponant
878 829 975 892 neque
1001 828 1106 874 omnes
1127 809 1243 890 pariter

106 913 177 976 seed
204 911 359 1005 paulatim
388 911 546 978 adiciendo
573 908 578 996 Ι
603 912 779 987 canescant3
816 911 890 994 qnid
918 912 961 976 sit
992 912 1072 993 quod
1100 911 1241 977 humores
1250 919 1269 970 f.
1277 919 1329 971 30»

126 1015 262 1079 uniuersi
283 1033 381 1079 unum
404 1032 512 1096 corpus
535 1013 671 1080 efficiant
692 1015 850 1095 mixtione,
873 1015 972 1081 solum
994 1015 1098 1079 oleum
1119 1016 1243 1096 respuat

125 1117 342 1182 inmersionem
363 1117 397 1181 in
420 1136 452 1182 se
479 1117 562 1200 pati,
597 1117 649 1183 sed
676 1117 709 1181 in
725 1136 824 1182 -suam
851 1119 994 1183 naturam
1021 1117 1243 1198 inpenetrabile

125 1238 245 1304 semper
267 1220 424 1301 perspicue
446 1219 627 1304 colligatum
655 1220 721 1302 ipse
743 1220 873 1301 denique
896 1219 1026 1297 animus,
1050 1219 1103 1301 qui
1125 1219 1242 1284 inmor-

125 1324 197 1389 talis
220 1322 348 1388 anobis
370 1325 401 1388 et
429 1321 504 1388 deus
539 1340 605 1388 esse
633 1323 784 1400 narratur,
812 1322 920 1386 curin
947 1322 1046 1405 aegris
1074 1340 1162 1405 aeger
1189 1321 1240 1399 sit,

94 1427 158 1492 oin
184 1425 356 1491 infantibus
383 1425 529 1503 stolidus,
562 1424 595 1514 in
621 1424 776 1489 senectuto
798 1422 946 1504 defessus,
981 1425 1078 1490 delira
1099 1414 1243 1490 ecfutti'at

125 1530 155 1594 et
176 1529 305 1593 insana?
327 1547 436 1593 uerum
455 1526 620 1592 infirmitas
639 1528 671 1592 et
690 1526 852 1591 inscientia
870 1527 1055 1593 miserabilis
1070 1527 1127 1593 hoc
1140 1527 1241 1610 magis

125 1635 180 1710 ost,
204 1630 286 1713 quod
308 1649 378 1695 oum
399 1629 465 1695 fieri
487 1630 598 1712 possit,
622 1631 658 1693 ut
680 1630 745 1694 ueri
767 1630 886 1712 aliquid
907 1629 1069 1712 aliquando
1092 1631 1239 1710 dicamus,

125 1736 156 1798 et
176 1734 233 1798 hoc
259 1735 362 1815 ipsum
389 1734 477 1798 nobis
503 1734 656 1799 incertum
684 1735 740 1813 sit,
773 1753 813 1799 an
835 1735 901 1799 ueri
923 1735 1040 1816 aliquid
1060 1735 1238 1799 dixerimus.

124 1838 155 1902 et
176 1837 320 1918 quoniam
342 1837 440 1902 ridere
467 1838 602 1927 nostram
624 1835 718 1901 fidem
747 1837 914 1902 consuestis
937 1840 1028 1919 atque
1050 1837 1151 1920 ipsam
1171 1828 1268 1901 'cre-8

85 1941 290 2006 sodalitatem
321 1939 440 2004 facetiis
473 1938 659 2004 iocularibus
690 1940 860 2019 lancinare,
894 1939 1002 2024 dicite,
1036 1957 1058 2003 θ’
1082 1940 1186 2005 festini
1208 1943 1240 2007 et

124 2061 243 2108 meraco
277 2042 446 2124 sapientiae
477 2041 568 2106 tincti
591 2042 622 2104 et
645 2043 742 2106 saturi
770 2044 859 2125 potu,
894 2044 977 2108 estne
999 2043 1098 2126 operis
1120 2043 1152 2107 in
1174 2044 1241 2108 uita

122 2147 316 2230 negotiosum
339 2145 462 2226 aliquod
485 2146 577 2226 atque
600 2147 761 2209 actuosum
777 2162 883 2228 genus,
908 2147 988 2226 quod
1003 2164 1063 2210 non
1077 2145 1137 2210 fide
1150 2164 1239 2226 prae-

124 2251 214 2314 eunte
248 2247 419 2330 suscipiant
451 2251 577 2311 sumant
610 2249 701 2329 atque
735 2247 953 2329 adgrediuntur
979 2251 1117 2312 actores?
1152 2267 1239 2330 pere·

122 2351 302 2435 grinamini,
325 2350 481 2433 nauigatis
503 2367 563 2414 non
586 2350 711 2414 domum
733 2369 788 2415 uos
810 2351 967 2415 credentes
989 2350 1120 2432 peractis
1143 2368 1238 2434 nego-

82 2454 306 2520 aotiationibus
332 2454 545 2518 remeaturos?
577 2452 691 2517 terram
721 2453 800 2516 terro
830 2453 970 2518 scinditis
993 2455 1085 2534 atque
1107 2453 1238 2534 oppletis
1281 2476 1282 2481 ¹

122 2559 278 2622 seminum
300 2556 449 2620 uarietate
471 2573 531 2619 non
554 2556 709 2620 credentes
738 2572 791 2619 uos
814 2555 935 2638 frugem
956 2558 1149 2637 percepturos
1173 2573 1238 2620 esse

122 2661 243 2725 uicibus
265 2659 481 2739 temporariis?
515 2658 687 2740 coniugalia
708 2657 858 2740 copulatis
880 2658 1029 2722 consortia
1051 2676 1110 2721 non
1132 2658 1238 2723 futura

122 2780 188 2828 osse
209 2762 367 2826 eredentes
390 2763 475 2825 casta
497 2762 528 2824 et
549 2760 677 2825 officiosi
699 2759 827 2825 foederis
848 2760 1049 2825 inmeritos?
1070 2761 1238 2826 liberorum

122 2865 306 2946 susceptatis
327 2864 444 2946 prolem
466 2882 526 2927 non
547 2863 731 2927 incolumem
753 2863 910 2928 credentes
925 2863 989 2928 fore
1005 2865 1035 2927 et
1049 2881 1103 2945 per
1124 2866 1237 2946 gradus

83 2986 112 3026 a
122 2968 232 3054 aetatis
255 2966 417 3031 uenturam
440 2966 605 3030 senectutis
632 2967 814 3030 admotas?
847 2966 1054 3050 aegritudines
1077 2984 1238 3048 corporum

122 3071 312 3134 medicorum
340 3068 535 3133 committitis
563 3068 705 3132 manibus
734 3087 793 3133 non
823 3070 979 3134 credentes
1006 3069 1128 3134 morbos
1150 3088 1237 3150 posse

122 3172 268 3255 mitigata
290 3171 455 3253 asperitate
476 3171 587 3235 leniri?
611 3171 691 3235 bella
713 3189 784 3236 cum
806 3171 945 3237 hostibus
967 3172 1074 3254 geritis
1089 3190 1149 3236 non
1171 3173 1236 3237 uic-

122 3276 233 3353 toriam
267 3293 321 3339 uos
354 3275 509 3339 credentes
535 3272 539 3359 1
565 3274 749 3355 proeliorum
785 3262 1025 3340 successionibus
1061 3276 1261 3344 relaturoslf.
1271 3295 1303 3342 31

157 3475 304 3529 ladiorum
317 3475 444 3528 Pcorrr
528 3474 668 3528 ietSab:
686 3474 738 3528 oP
819 3475 927 3543 pupulis
940 3475 1008 3528 Sub:
1025 3475 1129 3544 populis
1142 3477 1170 3528 P
1215 3541 1218 3547 ι

123 3560 357 3629 iimpenetrabile
376 3560 443 3614 Sub:
473 3558 674 3628 inpenetrabilis
693 3560 720 3613 P
854 3560 1040 3628 8porspicnae
1063 3562 1091 3614 P
1108 3576 1168 3615 corr

122 3645 156 3698 10
172 3646 289 3699 defessus
307 3643 389 3698 delira
406 3644 530 3699 ecfuttiat
547 3649 574 3699 et
591 3643 705 3697 insana?
730 3661 823 3698 uerum
839 3646 950 3713 scripsi:
972 3645 1088 3698 defessus
1107 3645 1191 3701 delira
1208 3652 1236 3702 et

121 3731 213 3785 futura
237 3734 264 3785 et
288 3731 383 3784 insana
399 3746 511 3800 quorum
528 3731 555 3784 P
578 3729 714 3784 defessus?
738 3731 822 3784 delira
839 3733 865 3784 ot
882 3731 956 3784 fatua
974 3733 1001 3783 et
1017 3731 1109 3784 insana
1127 3748 1237 3800 quorum

124 3816 174 3871 Gal
191 3815 308 3870 defessus
331 3816 425 3870 deliret
443 3819 471 3869 et
491 3817 563 3869 fatue
580 3817 608 3869 et
629 3815 742 3869 insane?
772 3831 884 3884 quorum
907 3816 942 3871 N.
960 3815 1094 3870 Heinsius
1111 3816 1236 3886 defessus,
1289 3847 1294 3853 ·

120 3902 204 3956 delira
227 3902 333 3956 effutiat
358 3905 385 3955 et
402 3903 516 3957 insana?
543 3917 655 3971 quorum
685 3901 814 3956 Oebleras
950 3903 982 3956 11
1008 3901 1148 3956 inscientia
1165 3903 1236 3958 Sub:

121 3988 249 4042 insicntia
266 3988 294 4041 P
421 3989 453 4042 12
471 3987 540 4057 quod
560 3987 624 4042 Gal:
648 3989 679 4041 ut
696 3987 724 4040 P
741 3989 768 4040 et
786 3987 839 4042 Sub
963 3987 1104 4056 aliquando
1123 3990 1187 4055 Sub,
1205 4006 1236 4043 r.-

121 4073 212 4142 aliqua
228 4060 261 4126 db
280 4073 307 4127 P
414 4075 446 4126 16
465 4072 558 4138 ‚tincti
575 4074 601 4125 P
696 4073 737 4126 18
755 4075 855 4127 actores
872 4074 1020 4140 Meursics,
1038 4089 1068 4128 r.-
1090 4078 1190 4129 attoros
1209 4077 1237 4130 P

122 4175 155 4212 an
172 4160 251 4213 terris
271 4159 324 4214 Sub
427 4159 461 4211 20
479 4159 614 4214 scienditis
626 4157 654 4211 P
753 4157 788 4212 24
805 4159 963 4228 suscepistis
976 4160 1136 4215 Liuineius:
1155 4161 1238 4215 susci·

121 4243 200 4312 piatis
218 4247 245 4299 P
262 4245 396 4314 suscipitis
414 4244 468 4299 Scb
570 4245 604 4298 26
622 4243 786 4298 committitis
804 4245 832 4297 P
