2902 4786
54 232 97 297 60
359 227 501 282 Arnobii
525 227 685 281 aduersus
706 198 868 281 nationes

54 404 205 486 prolatas,
235 401 354 465 dininas
377 401 529 484 sapientes
556 399 659 465 doctas
681 418 776 482 neque
798 400 866 463 ulla
892 399 1025 482 corporis
1053 400 1172 465 attrec-

53 505 170 570 tatione
192 504 359 588 contiguas.
392 505 473 586 quod
494 504 565 585 quia
587 523 695 568 norum
718 506 748 567 et
771 504 888 567 eertum
910 504 965 584 est,
995 520 1013 566 a
1035 503 1170 585 perfecto

54 627 161 673 sumus
195 608 411 672 inemendabili
442 607 626 688 perfectione
654 606 776 689 prolati,
809 606 1013 688 inculpabiles
1041 608 1072 669 ct
1101 605 1170 668 ideo

53 711 340 794 inreprehensibiles
354 710 501 787 uiuimus,
524 710 596 774 boni
611 709 688 775 iusti
702 711 734 773 et
748 709 833 787 recti,
857 708 1038 773 uitiositatis
1052 709 1170 774 nullius

53 815 107 895 rei,
131 814 217 880 nulla
232 812 382 894 cupiditas
398 813 451 875 nos
467 813 574 888 uincit,
590 812 677 876 nulla
691 811 787 876 libido
803 812 990 895 dehonestat,
1013 812 1170 876 uirtutum
1193 835 1207 873 s

54 916 191 982 omnium
213 933 371 981 seruamus
394 917 486 996 atque
506 914 698 997 integramus
727 916 873 981 tenorem.
908 915 1030 996 etquis
1052 932 1112 978 uno
1134 931 1171 977 cr

53 1021 137 1085 fonto
168 1020 306 1085 omnium
338 1019 477 1082 nostrum
505 1017 643 1082 defluunt
670 1019 805 1094 animae,
839 1017 951 1082 ideireo
977 1037 1073 1081 unum
1096 1035 1171 1081 con·

53 1123 239 1204 ueniensque
255 1122 415 1199 sentimus,
431 1139 492 1185 non
507 1121 654 1199 moribus,
670 1140 730 1185 non
745 1120 938 1203 opinionibus
951 1119 1169 1200 discrepamus,

1 1225 136 1315 ,35idem
155 1242 258 1288 omnes
279 1223 420 1289 nouimus
435 1243 498 1303 nec,
515 1224 590 1305 quot
610 1224 642 1287 in
657 1224 728 1288 orbo
743 1224 815 1287 sunt
827 1223 974 1299 hominos,
995 1223 1083 1286 nobis
1098 1222 1171 1286 sunt

8 1327 222 1396 ltsententiae
237 1327 368 1392 totidem
389 1345 485 1407 neque
509 1326 631 1392 infinita
652 1326 803 1391 uarietate
829 1323 833 1411 Ι
859 1325 1016 1390 discretae.
1041 1329 1073 1390 at
1095 1326 1211 1391 dumio

55 1429 95 1494 ad
117 1447 242 1513 corpora
262 1430 396 1494 labimur
417 1433 449 1493 et
469 1449 666 1512 properamus
689 1430 837 1506 hnmana,
868 1449 903 1494 ex
924 1428 1088 1493 mundanis
1110 1428 1172 1492 oir-

56 1531 134 1596 culis
157 1533 301 1597 secuntur
323 1551 375 1597 nos
398 1551 514 1610 causae,
537 1532 647 1613 quibus
671 1532 746 1597 mali
768 1531 866 1597 simus
881 1533 912 1596 et
926 1532 1061 1615 pessimi,
1085 1530 1172 1612 oupi-

56 1635 206 1700 ditatibus
235 1637 327 1716 atque
354 1634 514 1700 iracundia
540 1634 728 1712 teneamus,
763 1653 954 1699 exerceamus
981 1635 1014 1698 in
1040 1634 1172 1718 flagitiis

56 1739 154 1803 uitam
170 1739 201 1802 et
217 1738 249 1803 in
264 1736 426 1803 libidinem
441 1737 596 1819 publicam
611 1736 768 1801 uenalium
781 1755 940 1818 corporum
955 1738 1172 1818 prostitutione

56 1841 245 1909 damnemur.
276 1842 307 1906 et
323 1839 580 1922 quomadmodum
594 1859 626 1904 se
641 1841 769 1922 possunt
790 1840 1031 1923 incorporalibus
1047 1858 1172 1922 corpora
1181 1864 1208 1906 rs

56 1944 238 2027 coniungere
260 1945 315 2008 ant
336 1962 355 2008 a
375 1943 430 2006 deo
451 1943 587 2024 principe
608 1961 656 2007 res
678 1943 776 2007 factae
798 1943 836 2008 ab
856 1944 1076 2009 infirmioribus
1098 1961 1170 2008 cau-

56 2046 99 2111 sis
121 2045 160 2111 ad
182 2047 330 2111 uitiorum
351 2046 623 2112 dehonestamenta
645 2047 786 2111 traduci?
816 2036 913 2112 uultis
935 2047 1073 2111 homines
1094 2046 1172 2111 insi·

56 2152 123 2214 tum
138 2150 270 2234 typhum
289 2150 546 2232 superciliumque
561 2150 717 2231 deponere,
741 2150 793 2232 qui
812 2151 903 2214 deum
918 2150 1005 2214 uobis
1025 2150 1172 2215 adscisci·

56 2256 98 2317 tis
120 2256 241 2334 patrem
263 2255 386 2317 etcum
408 2269 442 2317 eo
470 2253 654 2317 contenditis
681 2253 950 2321 immortalitatem
977 2252 1088 2317 habere
1116 2270 1172 2317 uos

57 2360 170 2421 unam?
199 2356 298 2421 uultis
320 2375 464 2438 quaerere
478 2356 688 2438 peruestigarc
710 2355 826 2433 rimari,
850 2355 924 2437 quid
946 2357 1015 2419 sitis
1030 2373 1085 2420 uos
1100 2355 1207 2436 ipsine

57 2459 143 2523 euius
165 2459 243 2542 sitis,
267 2458 450 2524 censeamini
472 2476 531 2540 quo
546 2461 641 2540 patre,
664 2459 738 2541 quid
759 2459 795 2543 in
813 2460 925 2523 mundo
940 2459 1072 2538 faciatis,
1096 2478 1172 2541 qua-

57 2580 130 2626 nam
152 2563 268 2628 ratione
289 2562 468 2639 nascamini,
492 2581 551 2644 quo
573 2563 662 2645 pacto
684 2563 853 2644 prosiliatis
876 2562 914 2627 ad
933 2563 1052 2626 uitam?
1075 2562 1172 2626 uultis

57 2664 170 2749 fauore
186 2666 321 2750 deposito
350 2666 589 2750 cogitationibus
617 2665 722 2731 tacitis
744 2666 901 2748 peruidere
924 2665 1095 2729 animantia
1117 2683 1172 2728 nos

57 2787 124 2834 esse
147 2771 202 2833 aut
218 2769 390 2834 consimilia
406 2769 513 2834 ceteris
528 2769 655 2833 autnon
670 2769 803 2850 plurima
821 2768 986 2833 differitate
1001 2767 1172 2834 distantia?

58 2873 200 2952 quidest
222 2874 313 2949 enim,
336 2873 417 2954 quod
433 2891 487 2937 nos
509 2873 547 2936 ab
571 2890 675 2936 eorum
695 2871 812 2936 indicet
834 2871 1039 2936 similitudine
1059 2870 1208 2934 disere-as

57 2977 152 3056 pare?
184 2975 235 3039 uel
264 2994 341 3056 quae
362 2976 395 3039 in
417 2974 504 3039 nobis
527 2974 693 3038 eminentia
714 2974 803 3038 tanta
825 2975 886 3052 est,
909 2978 946 3039 ut
968 2973 1173 3039 animantium

58 3094 184 3142 numero
217 3077 416 3161 dedignemur
449 3077 603 3143 adscribi?
638 3097 673 3142 er
701 3078 821 3143 ossibus
853 3078 919 3141 illis
946 3077 1074 3142 fundata
1100 3079 1173 3141 sunt

59 3199 183 3263 corpora
205 3181 237 3245 et
258 3198 421 3245 neruorum
442 3180 649 3265 conligatione
672 3181 828 3245 deuincta:
853 3182 884 3244 et
905 3180 991 3246 nobis
1014 3180 1175 3277 comparili

94 3472 109 3524 1
127 3469 183 3523 ulla
195 3468 264 3524 Sub.-
282 3469 380 3522 ullsam
391 3469 418 3522 P
519 3469 536 3522 2
554 3472 595 3522 est
610 3469 721 3538 scripsi:
743 3472 784 3522 ost
801 3472 828 3522 et
840 3469 868 3522 P
969 3470 986 3522 b
1003 3469 1088 3523 uincit
1102 3468 1172 3523 Sub:

59 3554 149 3608 uincet
167 3556 194 3609 P
293 3555 309 3608 9
326 3555 397 3608 idem
414 3555 544 3609 matius:
570 3555 648 3608 doum
665 3555 693 3608 P
789 3555 858 3623 quod
876 3556 903 3609 P
1004 3555 1079 3609 nobis
1102 3555 1174 3610 ch-

59 3641 145 3695 lcrua:
163 3656 216 3695 non
232 3641 380 3696 PomSob
482 3642 515 3695 10
526 3643 555 3694 at
569 3640 634 3695 aet:
652 3641 721 3694 aoP
824 3643 855 3695 11
868 3641 903 3694 ad
916 3640 1020 3719 Sab,r5
1038 3641 1107 3694 aoP

59 3726 175 3780 lenimur
192 3727 220 3780 P
235 3743 297 3782 corr
314 3744 329 3782 c
434 3727 467 3780 12
483 3726 562 3780 fimus
580 3726 797 3781 Elmcabocatius
812 3727 907 3780 fiamus
926 3725 941 3780 9
1048 3726 1080 3780 13
1097 3725 1175 3795 fiagi-

59 3813 107 3867 tia’s
120 3813 147 3866 P
255 3814 288 3868 15
305 3813 350 3866 red
368 3813 418 3867 Urs
530 3812 561 3866 17
579 3811 691 3865 insitum
716 3812 828 3882 typhum
854 3812 1074 3866 Klossmoaaus:
1096 3811 1176 3865 insti·

60 3900 149 3952 tutum
173 3898 200 3951 P
221 3898 295 3953 testi
320 3898 432 3966 typhum
455 3899 500 3951 uel
526 3896 640 3960 fastum,
666 3898 779 3966 typhum
798 3899 842 3955 act
863 3913 879 3951 o
902 3898 949 3951 isti
972 3898 1093 3967 typhum’
1122 3896 1175 3951 Urs

59 3984 143 4038 istum
159 3983 272 4052 typhum
285 3984 360 4039 Solm
462 3984 495 4038 18
512 3983 590 4037 deum
606 3983 669 4037 Get:
687 3983 750 4036 dum
767 3985 795 4037 P
913 3983 949 4039 23
966 3985 1038 4038 l'astu
1060 3983 1113 4037 Urs
1130 3985 1176 4036 tu-

59 4085 131 4123 more
144 4070 220 4124 Solon
230 4069 334 4124 feruore
346 4068 550 4124 Klossnmcaus
650 4069 685 4123 24
697 4069 789 4123 asteris
801 4071 848 4123 aut
860 4070 924 4124 Get:
938 4072 1025 4123 cotors
1037 4073 1069 4123 ut
1081 4069 1108 4123 P

58 4156 93 4209 25
110 4155 271 4223 sdiscreparo
288 4156 315 4209 P
