<?xml version="1.0" encoding="UTF-8"?>
<!DOCTYPE html PUBLIC "-//W3C//DTD XHTML 1.0 Transitional//EN"
    "http://www.w3.org/TR/xhtml1/DTD/xhtml1-transitional.dtd">
<html xmlns="http://www.w3.org/1999/xhtml" xml:lang="en" lang="en">
 <head>
  <title>
</title>
<meta http-equiv="Content-Type" content="text/html;charset=utf-8" />
  <meta name='ocr-system' content='tesseract 3.04.00' />
  <meta name='ocr-capabilities' content='ocr_page ocr_carea ocr_par ocr_line ocrx_word'/>
</head>
<body>
  <div class='ocr_page' id='page_1' title='image "arnobiiadversus00arnogoog_0082.png"; bbox 0 0 2904 4784; ppageno 0'>
   <div class='ocr_carea' id='block_1_1' title="bbox 660 320 1292 388">
    <p class='ocr_par' dir='ltr' id='par_1_1' title="bbox 660 320 1292 388">
     <span class='ocr_line' id='line_1_1' title="bbox 660 320 1292 388; baseline 0.003 -14"><span class='ocrx_word' id='word_1_1' title='bbox 660 320 758 376; x_wconf 88' lang='lat' dir='ltr'><strong>Liber</strong></span> <span class='ocrx_word' id='word_1_2' title='bbox 779 321 815 376; x_wconf 92' lang='lat'><strong>11.</strong></span> <span class='ocrx_word' id='word_1_3' title='bbox 1251 322 1292 388; x_wconf 70' lang='grc'><strong>51</strong></span> 
     </span>
    </p>
   </div>
   <div class='ocr_carea' id='block_1_2' title="bbox 75 492 1364 2119">
    <p class='ocr_par' dir='ltr' id='par_1_2' title="bbox 75 492 1364 2119">
     <span class='ocr_line' id='line_1_2' title="bbox 180 492 1294 577; baseline -0.003 -17"><span class='ocrx_word' id='word_1_4' title='bbox 180 495 261 561; x_wconf 93' lang='lat' dir='ltr'><strong>enim</strong></span> <span class='ocrx_word' id='word_1_5' title='bbox 282 495 412 577; x_wconf 75' lang='lat' dir='ltr'><strong>possunt</strong></span> <span class='ocrx_word' id='word_1_6' title='bbox 434 496 527 577; x_wconf 88' lang='lat' dir='ltr'><strong>atque</strong></span> <span class='ocrx_word' id='word_1_7' title='bbox 549 494 582 559; x_wconf 94' lang='lat' dir='ltr'><strong>in</strong></span> <span class='ocrx_word' id='word_1_8' title='bbox 604 512 696 559; x_wconf 90' lang='lat' dir='ltr'><strong>nsum</strong></span> <span class='ocrx_word' id='word_1_9' title='bbox 717 492 956 577; x_wconf 90' lang='lat' dir='ltr'><strong>computationis</strong></span> <span class='ocrx_word' id='word_1_10' title='bbox 978 492 1082 557; x_wconf 85' lang='lat' dir='ltr'><strong>neuim</strong></span> <span class='ocrx_word' id='word_1_11' title='bbox 1104 512 1139 559; x_wconf 91' lang='lat' dir='ltr'><strong>ea</strong></span> <span class='ocrx_word' id='word_1_12' title='bbox 1162 511 1240 576; x_wconf 91' lang='lat' dir='ltr'><strong>quae</strong></span> <span class='ocrx_word' id='word_1_13' title='bbox 1261 492 1294 557; x_wconf 93' lang='lat' dir='ltr'><strong>in</strong></span> 
     </span>
     <span class='ocr_line' id='line_1_3' title="bbox 75 594 1294 681; baseline 0 -19"><span class='ocrx_word' id='word_1_14' title='bbox 75 606 89 647; x_wconf 73' lang='lat'><strong>&#39;¹</strong></span> <span class='ocrx_word' id='word_1_15' title='bbox 180 598 269 662; x_wconf 89' lang='lat' dir='ltr'><strong>India</strong></span> <span class='ocrx_word' id='word_1_16' title='bbox 296 598 497 681; x_wconf 78' lang='lat' dir='ltr'><strong>gestarunt,</strong></span> <span class='ocrx_word' id='word_1_17' title='bbox 529 596 611 677; x_wconf 91' lang='lat' dir='ltr'><strong>apud</strong></span> <span class='ocrx_word' id='word_1_18' title='bbox 643 595 741 679; x_wconf 79' lang='lat' dir='ltr'><strong>Seras</strong></span> <span class='ocrx_word' id='word_1_19' title='bbox 765 596 875 661; x_wconf 78' lang='lat' dir='ltr'>Persas</span> <span class='ocrx_word' id='word_1_20' title='bbox 904 598 936 660; x_wconf 88' lang='lat' dir='ltr'><strong>et</strong></span> <span class='ocrx_word' id='word_1_21' title='bbox 958 595 1079 673; x_wconf 86' lang='lat' dir='ltr'><strong>Medos,</strong></span> <span class='ocrx_word' id='word_1_22' title='bbox 1112 594 1146 660; x_wconf 93' lang='lat' dir='ltr'><strong>in</strong></span> <span class='ocrx_word' id='word_1_23' title='bbox 1167 596 1294 674; x_wconf 79' lang='lat' dir='ltr'><strong>Arabia,</strong></span> 
     </span>
     <span class='ocr_line' id='line_1_4' title="bbox 179 697 1295 785; baseline -0.001 -19"><span class='ocrx_word' id='word_1_24' title='bbox 179 703 330 785; x_wconf 85' lang='lat' dir='ltr'><strong>Aegypto,</strong></span> <span class='ocrx_word' id='word_1_25' title='bbox 360 701 393 765; x_wconf 91' lang='lat' dir='ltr'><strong>in</strong></span> <span class='ocrx_word' id='word_1_26' title='bbox 415 701 501 779; x_wconf 81' lang='lat' dir='ltr'><strong>Asia,</strong></span> <span class='ocrx_word' id='word_1_27' title='bbox 535 699 634 784; x_wconf 83' lang='lat' dir='ltr'><strong>Syria,</strong></span> <span class='ocrx_word' id='word_1_28' title='bbox 667 701 748 782; x_wconf 90' lang='lat' dir='ltr'><strong>apud</strong></span> <span class='ocrx_word' id='word_1_29' title='bbox 770 697 898 764; x_wconf 76' lang='lat' dir='ltr'><strong>Galatas</strong></span> <span class='ocrx_word' id='word_1_30' title='bbox 926 697 1057 764; x_wconf 85' lang='lat' dir='ltr'><strong>Parthos</strong></span> <span class='ocrx_word' id='word_1_31' title='bbox 1078 697 1227 783; x_wconf 79' lang='lat' dir='ltr'>Phrygas,</span> <span class='ocrx_word' id='word_1_32' title='bbox 1261 699 1295 765; x_wconf 91' lang='lat' dir='ltr'><strong>in</strong></span> 
     </span>
     <span class='ocr_line' id='line_1_5' title="bbox 179 801 1294 886; baseline 0 -18"><span class='ocrx_word' id='word_1_33' title='bbox 179 803 300 869; x_wconf 79' lang='lat' dir='ltr'><strong>Achaia</strong></span> <span class='ocrx_word' id='word_1_34' title='bbox 331 803 511 868; x_wconf 85' lang='lat' dir='ltr'><strong>Macedonia</strong></span> <span class='ocrx_word' id='word_1_35' title='bbox 547 803 656 886; x_wconf 88' lang='lat' dir='ltr'><strong>llpiro,</strong></span> <span class='ocrx_word' id='word_1_36' title='bbox 688 804 722 866; x_wconf 91' lang='lat' dir='ltr'><strong>in</strong></span> <span class='ocrx_word' id='word_1_37' title='bbox 747 801 858 866; x_wconf 89' lang='lat' dir='ltr'><strong>insulis</strong></span> <span class='ocrx_word' id='word_1_38' title='bbox 892 803 924 866; x_wconf 91' lang='lat' dir='ltr'><strong>et</strong></span> <span class='ocrx_word' id='word_1_39' title='bbox 953 801 1120 885; x_wconf 89' lang='lat' dir='ltr'><strong>prouinciis</strong></span> <span class='ocrx_word' id='word_1_40' title='bbox 1153 801 1294 868; x_wconf 89' lang='lat' dir='ltr'><strong>omnibus</strong></span> 
     </span>
     <span class='ocr_line' id='line_1_6' title="bbox 159 903 1295 988; baseline -0.001 -17"><span class='ocrx_word' id='word_1_41' title='bbox 159 925 255 988; x_wconf 69' lang='lat' dir='ltr'><strong>squas</strong></span> <span class='ocrx_word' id='word_1_42' title='bbox 283 906 331 971; x_wconf 90' lang='lat' dir='ltr'><strong>sel</strong></span> <span class='ocrx_word' id='word_1_43' title='bbox 357 905 458 970; x_wconf 91' lang='lat' dir='ltr'><strong>oriens</strong></span> <span class='ocrx_word' id='word_1_44' title='bbox 487 907 580 987; x_wconf 90' lang='lat' dir='ltr'><strong>atque</strong></span> <span class='ocrx_word' id='word_1_45' title='bbox 608 904 749 970; x_wconf 90' lang='lat' dir='ltr'><strong>occidens</strong></span> <span class='ocrx_word' id='word_1_46' title='bbox 773 903 901 983; x_wconf 89' lang='lat' dir='ltr'><strong>lustrat,</strong></span> <span class='ocrx_word' id='word_1_47' title='bbox 934 903 1036 987; x_wconf 83' lang='lat' dir='ltr'><strong>ipsam</strong></span> <span class='ocrx_word' id='word_1_48' title='bbox 1062 905 1192 986; x_wconf 91' lang='lat' dir='ltr'><strong>denique</strong></span> <span class='ocrx_word' id='word_1_49' title='bbox 1214 906 1295 986; x_wconf 91' lang='lat' dir='ltr'><strong>apud</strong></span> 
     </span>
     <span class='ocr_line' id='line_1_7' title="bbox 152 1005 1295 1101; baseline -0.003 -26"><span class='ocrx_word' id='word_1_50' title='bbox 152 1008 336 1101; x_wconf 65' lang='lat' dir='ltr'><strong>⁴dominam</strong></span> <span class='ocrx_word' id='word_1_51' title='bbox 362 1008 507 1086; x_wconf 82' lang='lat' dir='ltr'><strong>Romam,</strong></span> <span class='ocrx_word' id='word_1_52' title='bbox 536 1013 567 1072; x_wconf 88' lang='lat' dir='ltr'><strong>iu</strong></span> <span class='ocrx_word' id='word_1_53' title='bbox 596 1025 657 1090; x_wconf 93' lang='lat' dir='ltr'><strong>qua</strong></span> <span class='ocrx_word' id='word_1_54' title='bbox 685 1026 756 1072; x_wconf 88' lang='lat' dir='ltr'><strong>cum</strong></span> <span class='ocrx_word' id='word_1_55' title='bbox 783 1005 920 1072; x_wconf 85' lang='lat' dir='ltr'><strong>homines</strong></span> <span class='ocrx_word' id='word_1_56' title='bbox 948 1008 1050 1072; x_wconf 90' lang='lat' dir='ltr'><strong>essent</strong></span> <span class='ocrx_word' id='word_1_57' title='bbox 1071 1006 1192 1072; x_wconf 83' lang='lat' dir='ltr'><strong>Numae</strong></span> <span class='ocrx_word' id='word_1_58' title='bbox 1213 1007 1295 1090; x_wconf 91' lang='lat' dir='ltr'><strong>regis</strong></span> 
     </span>
     <span class='ocr_line' id='line_1_8' title="bbox 179 1109 1293 1193; baseline -0.002 -17"><span class='ocrx_word' id='word_1_59' title='bbox 179 1110 298 1176; x_wconf 87' lang='lat' dir='ltr'><strong>artibus</strong></span> <span class='ocrx_word' id='word_1_60' title='bbox 313 1114 406 1193; x_wconf 88' lang='lat' dir='ltr'><strong>atque</strong></span> <span class='ocrx_word' id='word_1_61' title='bbox 420 1111 557 1192; x_wconf 84' lang='lat' dir='ltr'><strong>antiquis</strong></span> <span class='ocrx_word' id='word_1_62' title='bbox 572 1109 839 1192; x_wconf 78' lang='lat' dir='ltr'><strong>superstitionibus</strong></span> <span class='ocrx_word' id='word_1_63' title='bbox 859 1109 1009 1190; x_wconf 90' lang='lat' dir='ltr'><strong>occupati,</strong></span> <span class='ocrx_word' id='word_1_64' title='bbox 1031 1126 1092 1174; x_wconf 91' lang='lat' dir='ltr'><strong>non</strong></span> <span class='ocrx_word' id='word_1_65' title='bbox 1106 1109 1293 1174; x_wconf 88' lang='lat' dir='ltr'><strong>distulerunt</strong></span> 
     </span>
     <span class='ocr_line' id='line_1_9' title="bbox 184 1211 1364 1300; baseline -0.002 -22"><span class='ocrx_word' id='word_1_66' title='bbox 184 1211 316 1300; x_wconf 51' lang='lat' dir='ltr'><strong>ttamen&gt;</strong></span> <span class='ocrx_word' id='word_1_67' title='bbox 333 1232 381 1279; x_wconf 88' lang='lat' dir='ltr'><strong>res</strong></span> <span class='ocrx_word' id='word_1_68' title='bbox 404 1214 519 1295; x_wconf 90' lang='lat' dir='ltr'><strong>patrias</strong></span> <span class='ocrx_word' id='word_1_69' title='bbox 541 1213 678 1295; x_wconf 83' lang='lat' dir='ltr'><strong>linquere</strong></span> <span class='ocrx_word' id='word_1_70' title='bbox 699 1214 731 1277; x_wconf 93' lang='lat' dir='ltr'><strong>et</strong></span> <span class='ocrx_word' id='word_1_71' title='bbox 752 1212 878 1277; x_wconf 83' lang='grc'><strong>11111111</strong></span> <span class='ocrx_word' id='word_1_72' title='bbox 903 1211 1068 1277; x_wconf 85' lang='lat' dir='ltr'><strong>coalescere</strong></span> <span class='ocrx_word' id='word_1_73' title='bbox 1090 1211 1292 1278; x_wconf 78' lang='lat' dir='ltr'><strong>Christianae.</strong></span> <span class='ocrx_word' id='word_1_74' title='bbox 1302 1226 1320 1277; x_wconf 85' lang='lat' dir='ltr'><strong>f.</strong></span> <span class='ocrx_word' id='word_1_75' title='bbox 1331 1227 1364 1277; x_wconf 87' lang='lat' dir='ltr'><strong>ec</strong></span> 
     </span>
     <span class='ocr_line' id='line_1_10' title="bbox 81 1302 1295 1398; baseline -0.001 -18"><span class='ocrx_word' id='word_1_76' title='bbox 81 1346 83 1351; x_wconf 96' lang='lat'>·</span> <span class='ocrx_word' id='word_1_77' title='bbox 180 1302 325 1382; x_wconf 81' lang='lat' dir='ltr'><strong>uiderant</strong></span> <span class='ocrx_word' id='word_1_78' title='bbox 344 1305 426 1381; x_wconf 85' lang='lat' dir='ltr'><strong>enim</strong></span> <span class='ocrx_word' id='word_1_79' title='bbox 448 1335 573 1382; x_wconf 88' lang='lat' dir='ltr'><strong>currum</strong></span> <span class='ocrx_word' id='word_1_80' title='bbox 588 1315 721 1383; x_wconf 84' lang='lat' dir='ltr'><strong>Simonis</strong></span> <span class='ocrx_word' id='word_1_81' title='bbox 743 1315 828 1398; x_wconf 86' lang='lat' dir='ltr'><strong>magi</strong></span> <span class='ocrx_word' id='word_1_82' title='bbox 850 1317 881 1379; x_wconf 89' lang='lat' dir='ltr'><strong>et</strong></span> <span class='ocrx_word' id='word_1_83' title='bbox 903 1315 1067 1398; x_wconf 88' lang='lat' dir='ltr'><strong>quadrigas</strong></span> <span class='ocrx_word' id='word_1_84' title='bbox 1089 1315 1194 1397; x_wconf 87' lang='lat' dir='ltr'><strong>igneas</strong></span> <span class='ocrx_word' id='word_1_85' title='bbox 1209 1315 1295 1380; x_wconf 88' lang='lat' dir='ltr'><strong>Petri</strong></span> 
     </span>
     <span class='ocr_line' id='line_1_11' title="bbox 148 1415 1295 1500; baseline 0.002 -19"><span class='ocrx_word' id='word_1_86' title='bbox 148 1439 232 1486; x_wconf 81' lang='lat' dir='ltr'><strong>acre</strong></span> <span class='ocrx_word' id='word_1_87' title='bbox 254 1419 389 1484; x_wconf 89' lang='lat' dir='ltr'><strong>difflatas</strong></span> <span class='ocrx_word' id='word_1_88' title='bbox 411 1422 443 1483; x_wconf 90' lang='lat' dir='ltr'><strong>et</strong></span> <span class='ocrx_word' id='word_1_89' title='bbox 465 1418 625 1483; x_wconf 90' lang='lat' dir='ltr'><strong>nominato</strong></span> <span class='ocrx_word' id='word_1_90' title='bbox 640 1417 762 1482; x_wconf 76' lang='lat' dir='ltr'><strong>Christo</strong></span> <span class='ocrx_word' id='word_1_91' title='bbox 785 1418 959 1481; x_wconf 90' lang='lat' dir='ltr'><strong>euanuisse:</strong></span> <span class='ocrx_word' id='word_1_92' title='bbox 982 1415 1135 1494; x_wconf 87' lang='lat' dir='ltr'><strong>uiderant,</strong></span> <span class='ocrx_word' id='word_1_93' title='bbox 1157 1418 1295 1500; x_wconf 91' lang='lat' dir='ltr'><strong>inquam,</strong></span> 
     </span>
     <span class='ocr_line' id='line_1_12' title="bbox 181 1519 1295 1602; baseline -0.003 -14"><span class='ocrx_word' id='word_1_94' title='bbox 181 1525 326 1588; x_wconf 88' lang='lat' dir='ltr'><strong>fidentem</strong></span> <span class='ocrx_word' id='word_1_95' title='bbox 352 1523 400 1588; x_wconf 92' lang='lat' dir='ltr'><strong>dis</strong></span> <span class='ocrx_word' id='word_1_96' title='bbox 427 1522 514 1587; x_wconf 86' lang='lat' dir='ltr'><strong>falsis</strong></span> <span class='ocrx_word' id='word_1_97' title='bbox 542 1523 574 1586; x_wconf 91' lang='lat' dir='ltr'><strong>et</strong></span> <span class='ocrx_word' id='word_1_98' title='bbox 601 1522 639 1586; x_wconf 93' lang='lat' dir='ltr'><strong>ab</strong></span> <span class='ocrx_word' id='word_1_99' title='bbox 661 1521 776 1586; x_wconf 91' lang='lat' dir='ltr'><strong>eisdem</strong></span> <span class='ocrx_word' id='word_1_100' title='bbox 801 1520 1010 1585; x_wconf 89' lang='lat' dir='ltr'><strong>metuentibus</strong></span> <span class='ocrx_word' id='word_1_101' title='bbox 1039 1519 1192 1600; x_wconf 90' lang='lat' dir='ltr'><strong>proditum</strong></span> <span class='ocrx_word' id='word_1_102' title='bbox 1223 1538 1295 1602; x_wconf 90' lang='lat' dir='ltr'><strong>pon·</strong></span> 
     </span>
     <span class='ocr_line' id='line_1_13' title="bbox 182 1622 1297 1707; baseline -0.004 -15"><span class='ocrx_word' id='word_1_103' title='bbox 182 1628 254 1692; x_wconf 88' lang='lat' dir='ltr'><strong>dere</strong></span> <span class='ocrx_word' id='word_1_104' title='bbox 267 1625 503 1707; x_wconf 89' lang='lat' dir='ltr'><strong>praecipitatum</strong></span> <span class='ocrx_word' id='word_1_105' title='bbox 519 1643 574 1690; x_wconf 88' lang='lat' dir='ltr'><strong>suo</strong></span> <span class='ocrx_word' id='word_1_106' title='bbox 595 1624 733 1690; x_wconf 90' lang='lat' dir='ltr'><strong>cruribus</strong></span> <span class='ocrx_word' id='word_1_107' title='bbox 748 1622 879 1687; x_wconf 88' lang='lat' dir='ltr'><strong>iacuisse</strong></span> <span class='ocrx_word' id='word_1_108' title='bbox 893 1623 1082 1703; x_wconf 81' lang='lat' dir='ltr'><strong>praefractis,</strong></span> <span class='ocrx_word' id='word_1_109' title='bbox 1104 1626 1174 1704; x_wconf 90' lang='lat' dir='ltr'><strong>post</strong></span> <span class='ocrx_word' id='word_1_110' title='bbox 1188 1623 1297 1688; x_wconf 92' lang='lat' dir='ltr'><strong>deinde</strong></span> 
     </span>
     <span class='ocr_line' id='line_1_14' title="bbox 182 1725 1298 1813; baseline -0.003 -19"><span class='ocrx_word' id='word_1_111' title='bbox 182 1731 339 1813; x_wconf 89' lang='lat' dir='ltr'><strong>perlatum</strong></span> <span class='ocrx_word' id='word_1_112' title='bbox 353 1730 515 1794; x_wconf 91' lang='lat' dir='ltr'><strong>Brundam</strong></span> <span class='ocrx_word' id='word_1_113' title='bbox 538 1727 725 1793; x_wconf 88' lang='lat' dir='ltr'><strong>cruciatibus</strong></span> <span class='ocrx_word' id='word_1_114' title='bbox 748 1727 779 1790; x_wconf 94' lang='lat' dir='ltr'><strong>et</strong></span> <span class='ocrx_word' id='word_1_115' title='bbox 793 1726 908 1809; x_wconf 91' lang='lat' dir='ltr'><strong>pudore</strong></span> <span class='ocrx_word' id='word_1_116' title='bbox 930 1725 1084 1790; x_wconf 90' lang='lat' dir='ltr'><strong>defessum</strong></span> <span class='ocrx_word' id='word_1_117' title='bbox 1100 1745 1135 1791; x_wconf 86' lang='lat' dir='ltr'><strong>er</strong></span> <span class='ocrx_word' id='word_1_118' title='bbox 1150 1726 1298 1791; x_wconf 88' lang='lat' dir='ltr'><strong>altissimi</strong></span> 
     </span>
     <span class='ocr_line' id='line_1_15' title="bbox 183 1817 1298 1913; baseline -0.003 -16"><span class='ocrx_word' id='word_1_119' title='bbox 183 1833 327 1898; x_wconf 89' lang='lat' dir='ltr'><strong>culminis</strong></span> <span class='ocrx_word' id='word_1_120' title='bbox 349 1849 382 1896; x_wconf 91' lang='lat' dir='ltr'><strong>se</strong></span> <span class='ocrx_word' id='word_1_121' title='bbox 402 1850 526 1895; x_wconf 89' lang='lat' dir='ltr'><strong>rursum</strong></span> <span class='ocrx_word' id='word_1_122' title='bbox 540 1817 758 1912; x_wconf 76' lang='lat' dir='ltr'><strong>praecipitasse</strong></span> <span class='ocrx_word' id='word_1_123' title='bbox 772 1828 909 1912; x_wconf 86' lang='lat' dir='ltr'><strong>fastigio.</strong></span> <span class='ocrx_word' id='word_1_124' title='bbox 933 1847 1009 1910; x_wconf 87' lang='lat' dir='ltr'><strong>quae</strong></span> <span class='ocrx_word' id='word_1_125' title='bbox 1024 1829 1126 1894; x_wconf 89' lang='lat' dir='ltr'><strong>omnia</strong></span> <span class='ocrx_word' id='word_1_126' title='bbox 1140 1847 1195 1894; x_wconf 90' lang='lat' dir='ltr'><strong>uos</strong></span> <span class='ocrx_word' id='word_1_127' title='bbox 1209 1834 1298 1913; x_wconf 87' lang='lat' dir='ltr'><strong>gesta</strong></span> 
     </span>
     <span class='ocr_line' id='line_1_16' title="bbox 150 1932 1298 2017; baseline 0.003 -22"><span class='ocrx_word' id='word_1_128' title='bbox 150 1954 282 2017; x_wconf 76' lang='lat' dir='ltr'><strong>cneque</strong></span> <span class='ocrx_word' id='word_1_129' title='bbox 303 1934 391 2000; x_wconf 91' lang='lat' dir='ltr'><strong>scitis</strong></span> <span class='ocrx_word' id='word_1_130' title='bbox 414 1952 512 2015; x_wconf 90' lang='lat' dir='ltr'><strong>neque</strong></span> <span class='ocrx_word' id='word_1_131' title='bbox 534 1934 612 1997; x_wconf 90' lang='lat' dir='ltr'><strong>scire</strong></span> <span class='ocrx_word' id='word_1_132' title='bbox 633 1932 776 1997; x_wconf 89' lang='lat' dir='ltr'><strong>uoluistis</strong></span> <span class='ocrx_word' id='word_1_133' title='bbox 798 1950 896 2013; x_wconf 91' lang='lat' dir='ltr'><strong>neque</strong></span> <span class='ocrx_word' id='word_1_134' title='bbox 916 1950 1063 2013; x_wconf 92' lang='lat' dir='ltr'><strong>umquam</strong></span> <span class='ocrx_word' id='word_1_135' title='bbox 1085 1932 1173 1997; x_wconf 92' lang='lat' dir='ltr'><strong>uobis</strong></span> <span class='ocrx_word' id='word_1_136' title='bbox 1195 1951 1298 1998; x_wconf 90' lang='lat' dir='ltr'><strong>neccs-</strong></span> 
     </span>
     <span class='ocr_line' id='line_1_17' title="bbox 184 2033 1298 2119; baseline -0.004 -14"><span class='ocrx_word' id='word_1_137' title='bbox 184 2039 265 2105; x_wconf 86' lang='lat' dir='ltr'><strong>saria</strong></span> <span class='ocrx_word' id='word_1_138' title='bbox 287 2037 458 2114; x_wconf 88' lang='lat' dir='ltr'><strong>iudicastis,</strong></span> <span class='ocrx_word' id='word_1_139' title='bbox 481 2055 517 2102; x_wconf 88' lang='lat' dir='ltr'><strong>ac</strong></span> <span class='ocrx_word' id='word_1_140' title='bbox 532 2037 607 2101; x_wconf 90' lang='lat' dir='ltr'><strong>dum</strong></span> <span class='ocrx_word' id='word_1_141' title='bbox 628 2035 742 2099; x_wconf 90' lang='lat' dir='ltr'><strong>uestris</strong></span> <span class='ocrx_word' id='word_1_142' title='bbox 763 2034 859 2099; x_wconf 89' lang='lat' dir='ltr'><strong>fiditis</strong></span> <span class='ocrx_word' id='word_1_143' title='bbox 881 2033 1021 2099; x_wconf 91' lang='lat' dir='ltr'><strong>cordibus</strong></span> <span class='ocrx_word' id='word_1_144' title='bbox 1043 2041 1075 2100; x_wconf 93' lang='lat' dir='ltr'><strong>et</strong></span> <span class='ocrx_word' id='word_1_145' title='bbox 1089 2036 1169 2116; x_wconf 91' lang='lat' dir='ltr'><strong>quod</strong></span> <span class='ocrx_word' id='word_1_146' title='bbox 1184 2035 1298 2119; x_wconf 85' lang='lat' dir='ltr'><strong>typhus</strong></span> 
     </span>
    </p>
   </div>
   <div class='ocr_carea' id='block_1_3' title="bbox 183 2137 1396 2429">
    <p class='ocr_par' dir='ltr' id='par_1_3' title="bbox 183 2137 1396 2429">
     <span class='ocr_line' id='line_1_18' title="bbox 185 2137 1298 2227; baseline -0.001 -21"><span class='ocrx_word' id='word_1_147' title='bbox 185 2143 233 2207; x_wconf 90' lang='lat' dir='ltr'><strong>est</strong></span> <span class='ocrx_word' id='word_1_148' title='bbox 255 2141 440 2223; x_wconf 89' lang='lat' dir='ltr'><strong>sapientiam</strong></span> <span class='ocrx_word' id='word_1_149' title='bbox 458 2140 590 2218; x_wconf 79' lang='lat' dir='ltr'><strong>neentis,</strong></span> <span class='ocrx_word' id='word_1_150' title='bbox 614 2138 743 2203; x_wconf 86' lang='lat' dir='ltr'><strong>dedistis</strong></span> <span class='ocrx_word' id='word_1_151' title='bbox 758 2137 1074 2221; x_wconf 75' lang='lat' dir='ltr'><strong>circumscriptoribus</strong></span> <span class='ocrx_word' id='word_1_152' title='bbox 1089 2140 1200 2220; x_wconf 86' lang='lat' dir='ltr'><strong>locum,</strong></span> <span class='ocrx_word' id='word_1_153' title='bbox 1223 2141 1298 2227; x_wconf 86' lang='lat' dir='ltr'><strong>illis,</strong></span> 
     </span>
     <span class='ocr_line' id='line_1_19' title="bbox 183 2240 1296 2326; baseline -0.001 -17"><span class='ocrx_word' id='word_1_154' title='bbox 183 2245 322 2326; x_wconf 88' lang='lat' dir='ltr'><strong>inquam,</strong></span> <span class='ocrx_word' id='word_1_155' title='bbox 345 2242 452 2320; x_wconf 83' lang='lat' dir='ltr'><strong>noxiis,</strong></span> <span class='ocrx_word' id='word_1_156' title='bbox 476 2261 605 2324; x_wconf 91' lang='lat' dir='ltr'><strong>quorum</strong></span> <span class='ocrx_word' id='word_1_157' title='bbox 619 2260 729 2306; x_wconf 90' lang='lat' dir='ltr'><strong>nomen</strong></span> <span class='ocrx_word' id='word_1_158' title='bbox 744 2241 871 2305; x_wconf 90' lang='lat' dir='ltr'><strong>interest</strong></span> <span class='ocrx_word' id='word_1_159' title='bbox 892 2240 1061 2306; x_wconf 89' lang='lat' dir='ltr'><strong>obsolefieri</strong></span> <span class='ocrx_word' id='word_1_160' title='bbox 1077 2241 1296 2324; x_wconf 78' lang='lat' dir='ltr'><strong>Christianum,</strong></span> 
     </span>
     <span class='ocr_line' id='line_1_20' title="bbox 184 2342 1396 2429; baseline 0 -18"><span class='ocrx_word' id='word_1_161' title='bbox 184 2345 424 2428; x_wconf 85' lang='lat' dir='ltr'><strong>superfundendi</strong></span> <span class='ocrx_word' id='word_1_162' title='bbox 445 2343 593 2429; x_wconf 85' lang='lat' dir='ltr'><strong>caligines</strong></span> <span class='ocrx_word' id='word_1_163' title='bbox 616 2347 707 2425; x_wconf 89' lang='lat' dir='ltr'><strong>atque</strong></span> <span class='ocrx_word' id='word_1_164' title='bbox 729 2342 913 2408; x_wconf 89' lang='lat' dir='ltr'><strong>obscurandi</strong></span> <span class='ocrx_word' id='word_1_165' title='bbox 927 2362 975 2409; x_wconf 90' lang='lat' dir='ltr'><strong>res</strong></span> <span class='ocrx_word' id='word_1_166' title='bbox 991 2346 1102 2422; x_wconf 88' lang='lat' dir='ltr'><strong>tentus,</strong></span> <span class='ocrx_word' id='word_1_167' title='bbox 1126 2346 1299 2428; x_wconf 89' lang='lat' dir='ltr'><strong>eripiendae</strong></span> <span class='ocrx_word' id='word_1_168' title='bbox 1393 2387 1396 2390; x_wconf 93' lang='lat'><em>-</em></span> 
     </span>
    </p>
   </div>
   <div class='ocr_carea' id='block_1_4' title="bbox 149 2446 1385 3460">
    <p class='ocr_par' dir='ltr' id='par_1_4' title="bbox 149 2446 1385 3460">
     <span class='ocr_line' id='line_1_21' title="bbox 149 2446 1300 2529; baseline 0.003 -18"><span class='ocrx_word' id='word_1_169' title='bbox 149 2450 273 2514; x_wconf 79' lang='lat' dir='ltr'><strong>anobis</strong></span> <span class='ocrx_word' id='word_1_170' title='bbox 293 2448 366 2512; x_wconf 89' lang='lat' dir='ltr'><strong>fidei</strong></span> <span class='ocrx_word' id='word_1_171' title='bbox 388 2447 618 2528; x_wconf 90' lang='lat' dir='ltr'><strong>subiciendique</strong></span> <span class='ocrx_word' id='word_1_172' title='bbox 638 2448 840 2528; x_wconf 87' lang='lat' dir='ltr'><strong>contemptus,</strong></span> <span class='ocrx_word' id='word_1_173' title='bbox 862 2446 906 2523; x_wconf 93' lang='lat' dir='ltr'><strong>ut,</strong></span> <span class='ocrx_word' id='word_1_174' title='bbox 929 2446 1002 2527; x_wconf 88' lang='lat' dir='ltr'><strong>quia</strong></span> <span class='ocrx_word' id='word_1_175' title='bbox 1016 2447 1074 2511; x_wconf 92' lang='lat' dir='ltr'><strong>sibi</strong></span> <span class='ocrx_word' id='word_1_176' title='bbox 1089 2448 1300 2529; x_wconf 87' lang='lat' dir='ltr'><strong>praesentiunt</strong></span> 
     </span>
     <span class='ocr_line' id='line_1_22' title="bbox 184 2547 1297 2632; baseline 0 -17"><span class='ocrx_word' id='word_1_177' title='bbox 184 2551 278 2616; x_wconf 91' lang='lat' dir='ltr'><strong>finem</strong></span> <span class='ocrx_word' id='word_1_178' title='bbox 299 2569 353 2632; x_wconf 92' lang='lat' dir='ltr'><strong>pro</strong></span> <span class='ocrx_word' id='word_1_179' title='bbox 375 2550 494 2615; x_wconf 90' lang='lat' dir='ltr'><strong>meritis</strong></span> <span class='ocrx_word' id='word_1_180' title='bbox 516 2550 684 2629; x_wconf 88' lang='lat' dir='ltr'><strong>imminere,</strong></span> <span class='ocrx_word' id='word_1_181' title='bbox 708 2547 796 2613; x_wconf 93' lang='lat' dir='ltr'><strong>uobis</strong></span> <span class='ocrx_word' id='word_1_182' title='bbox 812 2565 929 2630; x_wconf 88' lang='lat' dir='ltr'><strong>quoque</strong></span> <span class='ocrx_word' id='word_1_183' title='bbox 943 2548 1149 2614; x_wconf 91' lang='lat' dir='ltr'><strong>immitterent</strong></span> <span class='ocrx_word' id='word_1_184' title='bbox 1164 2569 1297 2631; x_wconf 90' lang='lat' dir='ltr'><strong>causam,</strong></span> 
     </span>
     <span class='ocr_line' id='line_1_23' title="bbox 185 2652 1297 2736; baseline -0.001 -18"><span class='ocrx_word' id='word_1_185' title='bbox 185 2672 240 2736; x_wconf 90' lang='lat' dir='ltr'><strong>per</strong></span> <span class='ocrx_word' id='word_1_186' title='bbox 254 2673 347 2736; x_wconf 91' lang='lat' dir='ltr'><strong>quam</strong></span> <span class='ocrx_word' id='word_1_187' title='bbox 361 2654 533 2736; x_wconf 91' lang='lat' dir='ltr'><strong>periculum</strong></span> <span class='ocrx_word' id='word_1_188' title='bbox 549 2653 632 2717; x_wconf 91' lang='lat' dir='ltr'><strong>adire</strong></span> <span class='ocrx_word' id='word_1_189' title='bbox 646 2653 776 2736; x_wconf 88' lang='lat' dir='ltr'><strong>possetis</strong></span> <span class='ocrx_word' id='word_1_190' title='bbox 792 2655 822 2715; x_wconf 92' lang='lat' dir='ltr'><strong>et</strong></span> <span class='ocrx_word' id='word_1_191' title='bbox 837 2652 959 2716; x_wconf 88' lang='lat' dir='ltr'><strong>niduari</strong></span> <span class='ocrx_word' id='word_1_192' title='bbox 974 2652 1166 2736; x_wconf 85' lang='lat' dir='ltr'><strong>benignitate</strong></span> <span class='ocrx_word' id='word_1_193' title='bbox 1181 2654 1297 2719; x_wconf 86' lang='lat' dir='ltr'><strong>diuina.</strong></span> 
     </span>
     <span class='ocr_line' id='line_1_24' title="bbox 185 2754 1349 2837; baseline 0.001 -15"><span class='ocrx_word' id='word_1_194' title='bbox 185 2758 303 2822; x_wconf 89' lang='lat' dir='ltr'><strong>interea</strong></span> <span class='ocrx_word' id='word_1_195' title='bbox 326 2759 430 2821; x_wconf 90' lang='lat' dir='ltr'><strong>tamen</strong></span> <span class='ocrx_word' id='word_1_196' title='bbox 452 2773 470 2818; x_wconf 93' lang='lat' dir='ltr'><strong>o</strong></span> <span class='ocrx_word' id='word_1_197' title='bbox 490 2756 561 2835; x_wconf 90' lang='lat' dir='ltr'><strong>isti,</strong></span> <span class='ocrx_word' id='word_1_198' title='bbox 590 2755 643 2837; x_wconf 92' lang='lat' dir='ltr'><strong>qui</strong></span> <span class='ocrx_word' id='word_1_199' title='bbox 665 2754 877 2830; x_wconf 87' lang='lat' dir='ltr'><strong>admiramini,</strong></span> <span class='ocrx_word' id='word_1_200' title='bbox 908 2757 960 2836; x_wconf 92' lang='lat' dir='ltr'><strong>qui</strong></span> <span class='ocrx_word' id='word_1_201' title='bbox 988 2756 1118 2837; x_wconf 89' lang='lat' dir='ltr'><strong>stupetis</strong></span> <span class='ocrx_word' id='word_1_202' title='bbox 1140 2756 1349 2823; x_wconf 67' lang='lat' dir='ltr'><strong>doctorumss</strong></span> 
     </span>
     <span class='ocr_line' id='line_1_25' title="bbox 187 2859 1300 2944; baseline 0 -18"><span class='ocrx_word' id='word_1_203' title='bbox 187 2863 219 2926; x_wconf 92' lang='lat' dir='ltr'><strong>et</strong></span> <span class='ocrx_word' id='word_1_204' title='bbox 240 2860 450 2944; x_wconf 89' lang='lat' dir='ltr'><strong>philosophiae</strong></span> <span class='ocrx_word' id='word_1_205' title='bbox 472 2860 559 2938; x_wconf 89' lang='lat' dir='ltr'><strong>scite,</strong></span> <span class='ocrx_word' id='word_1_206' title='bbox 582 2860 629 2924; x_wconf 89' lang='lat' dir='ltr'><strong>ita</strong></span> <span class='ocrx_word' id='word_1_207' title='bbox 649 2877 709 2924; x_wconf 93' lang='lat' dir='ltr'><strong>non</strong></span> <span class='ocrx_word' id='word_1_208' title='bbox 731 2859 971 2923; x_wconf 89' lang='lat' dir='ltr'><strong>iniustissimnm</strong></span> <span class='ocrx_word' id='word_1_209' title='bbox 986 2859 1099 2924; x_wconf 91' lang='lat' dir='ltr'><strong>ducitis</strong></span> <span class='ocrx_word' id='word_1_210' title='bbox 1120 2861 1300 2943; x_wconf 90' lang='lat' dir='ltr'><strong>inequitare,</strong></span> 
     </span>
     <span class='ocr_line' id='line_1_26' title="bbox 151 2961 1301 3045; baseline -0.001 -17"><span class='ocrx_word' id='word_1_211' title='bbox 151 2964 326 3029; x_wconf 75' lang='lat' dir='ltr'><strong>sainludere</strong></span> <span class='ocrx_word' id='word_1_212' title='bbox 354 2966 513 3045; x_wconf 89' lang='lat' dir='ltr'><strong>tamquam</strong></span> <span class='ocrx_word' id='word_1_213' title='bbox 541 2965 639 3029; x_wconf 86' lang='lat' dir='ltr'><strong>stulta</strong></span> <span class='ocrx_word' id='word_1_214' title='bbox 668 2962 755 3028; x_wconf 92' lang='lat' dir='ltr'><strong>nobis</strong></span> <span class='ocrx_word' id='word_1_215' title='bbox 778 2965 808 3026; x_wconf 89' lang='lat' dir='ltr'><strong>et</strong></span> <span class='ocrx_word' id='word_1_216' title='bbox 829 2961 922 3026; x_wconf 90' lang='lat' dir='ltr'><strong>bruta</strong></span> <span class='ocrx_word' id='word_1_217' title='bbox 943 2963 1131 3042; x_wconf 79' lang='lat' dir='ltr'><strong>dicentibus,</strong></span> <span class='ocrx_word' id='word_1_218' title='bbox 1159 2983 1229 3029; x_wconf 90' lang='lat' dir='ltr'><strong>cum</strong></span> <span class='ocrx_word' id='word_1_219' title='bbox 1250 2963 1301 3028; x_wconf 90' lang='lat' dir='ltr'><strong>uel</strong></span> 
     </span>
     <span class='ocr_line' id='line_1_27' title="bbox 188 3064 1300 3148; baseline 0 -16"><span class='ocrx_word' id='word_1_220' title='bbox 188 3086 224 3132; x_wconf 87' lang='lat' dir='ltr'><strong>ea</strong></span> <span class='ocrx_word' id='word_1_221' title='bbox 245 3068 298 3131; x_wconf 93' lang='lat' dir='ltr'><strong>uel</strong></span> <span class='ocrx_word' id='word_1_222' title='bbox 325 3067 404 3132; x_wconf 86' lang='lat' dir='ltr'><strong>talia</strong></span> <span class='ocrx_word' id='word_1_223' title='bbox 430 3067 625 3147; x_wconf 86' lang='lat' dir='ltr'><strong>reperiamini</strong></span> <span class='ocrx_word' id='word_1_224' title='bbox 653 3069 683 3130; x_wconf 88' lang='lat' dir='ltr'><strong>et</strong></span> <span class='ocrx_word' id='word_1_225' title='bbox 711 3083 766 3129; x_wconf 91' lang='lat' dir='ltr'><strong>uos</strong></span> <span class='ocrx_word' id='word_1_226' title='bbox 788 3065 888 3129; x_wconf 90' lang='lat' dir='ltr'><strong>dicere</strong></span> <span class='ocrx_word' id='word_1_227' title='bbox 916 3084 993 3146; x_wconf 85' lang='lat' dir='ltr'><strong>quae</strong></span> <span class='ocrx_word' id='word_1_228' title='bbox 1020 3064 1107 3130; x_wconf 90' lang='lat' dir='ltr'><strong>nobis</strong></span> <span class='ocrx_word' id='word_1_229' title='bbox 1143 3067 1204 3132; x_wconf 91' lang='lat' dir='ltr'><strong>dici</strong></span> <span class='ocrx_word' id='word_1_230' title='bbox 1230 3086 1300 3148; x_wconf 91' lang='lat' dir='ltr'><strong>prc-</strong></span> 
     </span>
     <span class='ocr_line' id='line_1_28' title="bbox 187 3167 1301 3251; baseline -0.001 -16"><span class='ocrx_word' id='word_1_231' title='bbox 187 3170 382 3251; x_wconf 87' lang='lat' dir='ltr'><strong>nuntiarique</strong></span> <span class='ocrx_word' id='word_1_232' title='bbox 404 3169 533 3234; x_wconf 80' lang='lat' dir='ltr'><strong>ridetis?</strong></span> <span class='ocrx_word' id='word_1_233' title='bbox 554 3188 610 3234; x_wconf 94' lang='lat' dir='ltr'><strong>nec</strong></span> <span class='ocrx_word' id='word_1_234' title='bbox 631 3168 709 3232; x_wconf 93' lang='lat' dir='ltr'><strong>mihi</strong></span> <span class='ocrx_word' id='word_1_235' title='bbox 731 3168 864 3233; x_wconf 91' lang='lat' dir='ltr'><strong>cumbis</strong></span> <span class='ocrx_word' id='word_1_236' title='bbox 879 3187 978 3232; x_wconf 89' lang='lat' dir='ltr'><strong>sermo</strong></span> <span class='ocrx_word' id='word_1_237' title='bbox 999 3172 1045 3234; x_wconf 87' lang='lat' dir='ltr'><strong>est</strong></span> <span class='ocrx_word' id='word_1_238' title='bbox 1067 3167 1120 3250; x_wconf 91' lang='lat' dir='ltr'><strong>qui</strong></span> <span class='ocrx_word' id='word_1_239' title='bbox 1141 3171 1301 3251; x_wconf 84' lang='lat' dir='ltr'><strong>penuaria</strong></span> 
     </span>
     <span class='ocr_line' id='line_1_29' title="bbox 188 3271 1302 3355; baseline -0.001 -18"><span class='ocrx_word' id='word_1_240' title='bbox 188 3275 342 3337; x_wconf 89' lang='lat' dir='ltr'><strong>sectarum</strong></span> <span class='ocrx_word' id='word_1_241' title='bbox 364 3273 553 3338; x_wconf 91' lang='lat' dir='ltr'><strong>deuerticula</strong></span> <span class='ocrx_word' id='word_1_242' title='bbox 574 3272 715 3353; x_wconf 87' lang='lat' dir='ltr'><strong>dissipati</strong></span> <span class='ocrx_word' id='word_1_243' title='bbox 737 3271 796 3336; x_wconf 89' lang='lat' dir='ltr'><strong>has</strong></span> <span class='ocrx_word' id='word_1_244' title='bbox 816 3274 907 3352; x_wconf 89' lang='lat' dir='ltr'><strong>atque</strong></span> <span class='ocrx_word' id='word_1_245' title='bbox 921 3271 993 3336; x_wconf 88' lang='lat' dir='ltr'><strong>illas</strong></span> <span class='ocrx_word' id='word_1_246' title='bbox 1007 3274 1109 3353; x_wconf 87' lang='lat' dir='ltr'><strong>partes</strong></span> <span class='ocrx_word' id='word_1_247' title='bbox 1125 3271 1302 3355; x_wconf 90' lang='lat' dir='ltr'><strong>opinionum</strong></span> 
     </span>
     <span class='ocr_line' id='line_1_30' title="bbox 189 3372 1385 3460; baseline 0.002 -22"><span class='ocrx_word' id='word_1_248' title='bbox 189 3375 367 3441; x_wconf 87' lang='lat' dir='ltr'><strong>diuersitate</strong></span> <span class='ocrx_word' id='word_1_249' title='bbox 397 3375 551 3441; x_wconf 88' lang='lat' dir='ltr'><strong>fecerunt:</strong></span> <span class='ocrx_word' id='word_1_250' title='bbox 578 3372 583 3460; x_wconf 87' lang='grc' dir='ltr'>Ι</span> <span class='ocrx_word' id='word_1_251' title='bbox 608 3392 678 3453; x_wconf 89' lang='lat' dir='ltr'><strong>uos,</strong></span> <span class='ocrx_word' id='word_1_252' title='bbox 707 3392 762 3438; x_wconf 88' lang='lat' dir='ltr'><strong>uos</strong></span> <span class='ocrx_word' id='word_1_253' title='bbox 791 3372 910 3456; x_wconf 89' lang='lat' dir='ltr'><strong>appello</strong></span> <span class='ocrx_word' id='word_1_254' title='bbox 938 3374 990 3454; x_wconf 94' lang='lat' dir='ltr'><strong>qui</strong></span> <span class='ocrx_word' id='word_1_255' title='bbox 1018 3373 1219 3460; x_wconf 87' lang='lat' dir='ltr'><strong>Mercurium,</strong></span> <span class='ocrx_word' id='word_1_256' title='bbox 1248 3375 1301 3458; x_wconf 92' lang='lat' dir='ltr'><strong>qui</strong></span> <span class='ocrx_word' id='word_1_257' title='bbox 1310 3389 1328 3441; x_wconf 87' lang='lat' dir='ltr'><strong>f.</strong></span> <span class='ocrx_word' id='word_1_258' title='bbox 1339 3390 1385 3441; x_wconf 65' lang='lat' dir='ltr'><strong>aar</strong></span> 
     </span>
    </p>
   </div>
   <div class='ocr_carea' id='block_1_5' title="bbox 135 3712 1303 4294">
    <p class='ocr_par' dir='ltr' id='par_1_5' title="bbox 135 3712 1303 4294">
     <span class='ocr_line' id='line_1_31' title="bbox 224 3712 1235 3782; baseline 0.003 -16"><span class='ocrx_word' id='word_1_259' title='bbox 224 3715 321 3781; x_wconf 70' lang='lat' dir='ltr'><strong>daput</strong></span> <span class='ocrx_word' id='word_1_260' title='bbox 338 3712 436 3767; x_wconf 85' lang='lat' dir='ltr'><strong>Pcorr</strong></span> <span class='ocrx_word' id='word_1_261' title='bbox 536 3714 552 3766; x_wconf 86' lang='lat'><strong>3</strong></span> <span class='ocrx_word' id='word_1_262' title='bbox 571 3715 636 3780; x_wconf 88' lang='lat' dir='ltr'><strong>aput</strong></span> <span class='ocrx_word' id='word_1_263' title='bbox 654 3712 750 3766; x_wconf 84' lang='lat' dir='ltr'><strong>Pcorr</strong></span> <span class='ocrx_word' id='word_1_264' title='bbox 851 3713 941 3782; x_wconf 83' lang='lat' dir='ltr'><strong>fryges</strong></span> <span class='ocrx_word' id='word_1_265' title='bbox 954 3714 981 3767; x_wconf 91' lang='lat' dir='ltr'><em>P</em></span> <span class='ocrx_word' id='word_1_266' title='bbox 1082 3715 1190 3769; x_wconf 85' lang='lat' dir='ltr'><strong>4acaia</strong></span> <span class='ocrx_word' id='word_1_267' title='bbox 1207 3716 1235 3769; x_wconf 93' lang='lat' dir='ltr'><strong><em>P</em></strong></span> 
     </span>
     <span class='ocr_line' id='line_1_32' title="bbox 189 3797 1263 3867; baseline 0.005 -16"><span class='ocrx_word' id='word_1_268' title='bbox 189 3814 268 3867; x_wconf 86' lang='lat' dir='ltr'><strong>epyro</strong></span> <span class='ocrx_word' id='word_1_269' title='bbox 281 3799 308 3852; x_wconf 95' lang='lat' dir='ltr'><strong><em>P</em></strong></span> <span class='ocrx_word' id='word_1_270' title='bbox 408 3799 526 3851; x_wconf 79' lang='lat' dir='ltr'><strong>bessent</strong></span> <span class='ocrx_word' id='word_1_271' title='bbox 538 3798 713 3852; x_wconf 68' lang='lat' dir='ltr'><strong>Stcwecfous:</strong></span> <span class='ocrx_word' id='word_1_272' title='bbox 733 3797 829 3851; x_wconf 88' lang='lat' dir='ltr'><strong>sintP</strong></span> <span class='ocrx_word' id='word_1_273' title='bbox 929 3799 1060 3857; x_wconf 70' lang='lat' dir='ltr'><strong>tritibus</strong></span> <span class='ocrx_word' id='word_1_274' title='bbox 1073 3801 1235 3856; x_wconf 75' lang='lat' dir='ltr'><strong>Stcwccbius</strong></span> <span class='ocrx_word' id='word_1_275' title='bbox 1260 3808 1263 3816; x_wconf 88' lang='lat'>&#39;</span> 
     </span>
     <span class='ocr_line' id='line_1_33' title="bbox 189 3883 1239 3951; baseline 0.003 -14"><span class='ocrx_word' id='word_1_276' title='bbox 189 3884 207 3937; x_wconf 88' lang='grc'><strong>9</strong></span> <span class='ocrx_word' id='word_1_277' title='bbox 224 3900 329 3938; x_wconf 89' lang='lat' dir='ltr'><strong>currum</strong></span> <span class='ocrx_word' id='word_1_278' title='bbox 340 3884 488 3948; x_wconf 70' lang='lat' dir='ltr'><strong>Mauram,</strong></span> <span class='ocrx_word' id='word_1_279' title='bbox 501 3901 532 3937; x_wconf 81' lang='lat' dir='ltr'><strong>r.-</strong></span> <span class='ocrx_word' id='word_1_280' title='bbox 550 3898 654 3936; x_wconf 91' lang='lat' dir='ltr'><strong>cursum</strong></span> <span class='ocrx_word' id='word_1_281' title='bbox 666 3884 693 3936; x_wconf 92' lang='lat' dir='ltr'><strong><em>P</em></strong></span> <span class='ocrx_word' id='word_1_282' title='bbox 791 3883 877 3951; x_wconf 80' lang='lat' dir='ltr'><strong>pastui</strong></span> <span class='ocrx_word' id='word_1_283' title='bbox 894 3883 920 3937; x_wconf 96' lang='lat' dir='ltr'><strong><em>P</em></strong></span> <span class='ocrx_word' id='word_1_284' title='bbox 932 3900 993 3939; x_wconf 79' lang='lat' dir='ltr'><strong>corr</strong></span> <span class='ocrx_word' id='word_1_285' title='bbox 1094 3887 1126 3941; x_wconf 96' lang='grc'><strong>11</strong></span> <span class='ocrx_word' id='word_1_286' title='bbox 1145 3886 1194 3940; x_wconf 82' lang='lat' dir='ltr'><strong>di¹s</strong></span> <span class='ocrx_word' id='word_1_287' title='bbox 1211 3887 1239 3940; x_wconf 97' lang='lat' dir='ltr'><strong><em>P</em></strong></span> 
     </span>
     <span class='ocr_line' id='line_1_34' title="bbox 135 3968 1303 4046; baseline 0.002 -23"><span class='ocrx_word' id='word_1_288' title='bbox 135 3988 142 4013; x_wconf 72' lang='lat'><em>⁴</em></span> <span class='ocrx_word' id='word_1_289' title='bbox 171 3971 224 4041; x_wconf 20' lang='lat'><strong>,13</strong></span> <span class='ocrx_word' id='word_1_290' title='bbox 241 3969 372 4023; x_wconf 89' lang='lat' dir='ltr'><strong>Brendam</strong></span> <span class='ocrx_word' id='word_1_291' title='bbox 390 3970 531 4046; x_wconf 82' lang='lat' dir='ltr'><strong>Mcursiue</strong></span> <span class='ocrx_word' id='word_1_292' title='bbox 648 3968 787 4022; x_wconf 88' lang='lat' dir='ltr'><strong>altissimis</strong></span> <span class='ocrx_word' id='word_1_293' title='bbox 804 3969 831 4021; x_wconf 92' lang='lat' dir='ltr'><strong><em>P</em></strong></span> <span class='ocrx_word' id='word_1_294' title='bbox 845 3985 908 4024; x_wconf 85' lang='lat' dir='ltr'><strong>cerr</strong></span> <span class='ocrx_word' id='word_1_295' title='bbox 1027 3972 1105 4025; x_wconf 88' lang='grc'><strong>1611</strong></span> <span class='ocrx_word' id='word_1_296' title='bbox 1123 3972 1303 4027; x_wconf 82' lang='lat' dir='ltr'><strong>Subiuerr:</strong></span> 
     </span>
     <span class='ocr_line' id='line_1_35' title="bbox 190 4053 1303 4123; baseline 0.004 -16"><span class='ocrx_word' id='word_1_297' title='bbox 190 4055 261 4108; x_wconf 90' lang='lat' dir='ltr'><strong>utP</strong></span> <span class='ocrx_word' id='word_1_298' title='bbox 361 4055 459 4123; x_wconf 88' lang='lat' dir='ltr'><strong>typhus</strong></span> <span class='ocrx_word' id='word_1_299' title='bbox 474 4054 539 4109; x_wconf 75' lang='lat' dir='ltr'><strong>Gal:</strong></span> <span class='ocrx_word' id='word_1_300' title='bbox 558 4057 638 4122; x_wconf 91' lang='lat' dir='ltr'><strong>typus</strong></span> <span class='ocrx_word' id='word_1_301' title='bbox 650 4053 678 4107; x_wconf 92' lang='lat' dir='ltr'><strong><em>P</em></strong></span> <span class='ocrx_word' id='word_1_302' title='bbox 773 4053 806 4107; x_wconf 89' lang='lat'><strong>19</strong></span> <span class='ocrx_word' id='word_1_303' title='bbox 817 4055 1021 4123; x_wconf 79' lang='lat' dir='ltr'><strong>arripiendaeP</strong></span> <span class='ocrx_word' id='word_1_304' title='bbox 1032 4073 1093 4117; x_wconf 75' lang='lat' dir='ltr'><strong>corr</strong></span> <span class='ocrx_word' id='word_1_305' title='bbox 1194 4059 1229 4112; x_wconf 78' lang='lat'><strong>20</strong></span> <span class='ocrx_word' id='word_1_306' title='bbox 1241 4057 1303 4112; x_wconf 90' lang='lat' dir='ltr'><strong>sub·</strong></span> 
     </span>
     <span class='ocr_line' id='line_1_36' title="bbox 189 4138 1236 4211; baseline 0.004 -19"><span class='ocrx_word' id='word_1_307' title='bbox 189 4139 352 4208; x_wconf 88' lang='lat' dir='ltr'><strong>iciendiquac</strong></span> <span class='ocrx_word' id='word_1_308' title='bbox 374 4140 402 4193; x_wconf 96' lang='lat' dir='ltr'><strong><em>P</em></strong></span> <span class='ocrx_word' id='word_1_309' title='bbox 420 4154 481 4194; x_wconf 77' lang='lat' dir='ltr'><strong>corr</strong></span> <span class='ocrx_word' id='word_1_310' title='bbox 616 4140 650 4192; x_wconf 79' lang='lat'><strong>24</strong></span> <span class='ocrx_word' id='word_1_311' title='bbox 673 4138 837 4209; x_wconf 88' lang='lat' dir='ltr'><strong>philosofyac</strong></span> <span class='ocrx_word' id='word_1_312' title='bbox 860 4141 887 4194; x_wconf 95' lang='lat' dir='ltr'><strong><em>P</em></strong></span> <span class='ocrx_word' id='word_1_313' title='bbox 1023 4143 1188 4211; x_wconf 87' lang='lat' dir='ltr'><strong>inacqnitare</strong></span> <span class='ocrx_word' id='word_1_314' title='bbox 1209 4145 1236 4196; x_wconf 93' lang='lat' dir='ltr'><strong><em>P</em></strong></span> 
     </span>
     <span class='ocr_line' id='line_1_37' title="bbox 190 4225 1233 4294; baseline 0.003 -16"><span class='ocrx_word' id='word_1_315' title='bbox 190 4225 462 4294; x_wconf 69' lang='lat' dir='ltr'><strong>ldrepperiaminiP</strong></span> <span class='ocrx_word' id='word_1_316' title='bbox 540 4225 884 4294; x_wconf 79' lang='lat' dir='ltr'><strong>pronuntiariquaePcorr</strong></span> <span class='ocrx_word' id='word_1_317' title='bbox 963 4226 1166 4281; x_wconf 79' lang='lat' dir='ltr'><strong>28diuerticula</strong></span> <span class='ocrx_word' id='word_1_318' title='bbox 1179 4227 1233 4282; x_wconf 83' lang='lat' dir='ltr'><strong>Sub</strong></span> 
     </span>
    </p>
   </div>
   <div class='ocr_carea' id='block_1_6' title="bbox 0 0 1474 4784">
    <p class='ocr_par' dir='ltr' id='par_1_6' title="bbox 0 0 1474 4784">
     <span class='ocr_line' id='line_1_38' title="bbox 0 0 1474 4784; baseline 0 0"><span class='ocrx_word' id='word_1_319' title='bbox 0 0 1474 4784; x_wconf 95' lang='lat' dir='ltr'><strong> </strong></span> 
     </span>
    </p>
   </div>
  </div>
 </body>
</html>
