2904 4784
658 350 755 406 Liber
777 351 812 407 IL
887 396 893 407 .
1250 355 1290 420 61

176 525 293 591 ratione
307 545 344 591 ex
358 525 477 590 ossibus
493 524 623 590 fundata
637 527 710 591 sunt
723 542 848 608 corpora
863 525 895 590 ot
907 541 1071 590 neruorum
1087 525 1292 608 conligatione

177 627 329 694 deuincto.
360 647 449 693 auras
471 627 627 709 accipiunt
648 628 774 693 naribus
793 629 825 692 et
838 646 891 709 per
906 627 1077 693 anhelitum
1092 628 1292 710 reciprocatas

170 732 323 797 reddunt:
352 733 383 796 et
403 751 458 798 nos
486 731 631 814 spiritum
658 731 858 796 consimiliter
886 731 1027 797 ducimus
1054 733 1085 794 et
1107 731 1291 813 respiramus

177 827 398 899 commeatibus
431 833 555 899 crebris.
592 832 748 898 femininis
781 833 942 916 generibus
970 832 1207 915 masculinisque
1229 832 1292 898 dis·

156 934 274 1001 etinota
301 938 389 1001 sunt:
415 935 420 1022 Ι
446 936 480 1000 in
507 936 638 1001 totidem
666 937 697 1002 et
719 954 775 1000 nos
797 954 885 1003 sexus
906 938 1009 1002 nostro
1032 953 1138 1001 sumus
1159 934 1197 999 ab
1219 954 1291 1000 ano·
1300 952 1319 1004 r.
1328 952 1373 1004 aer

176 1039 241 1102 tore
272 1038 407 1104 formati.
441 1040 538 1104 edunt
564 1056 618 1121 per
639 1040 741 1103 uteros
768 1036 850 1104 fetus
873 1041 904 1103 et
925 1037 1131 1121 corporalibus
1153 1037 1292 1103 conciliis

175 1142 346 1222 procreant:
380 1140 411 1204 et
437 1157 491 1205 nos
524 1126 684 1223 corporum
717 1140 983 1223 coniugationibus
1015 1140 1169 1206 nascimur
1196 1142 1229 1206 et
1256 1160 1291 1205 ex

176 1243 255 1308 aluis
277 1243 436 1308 fundimur
457 1244 549 1324 atque
571 1241 745 1311 emittimur
767 1245 911 1310 matrum.
941 1243 1008 1309 cibo
1031 1244 1242 1311 sustentantur
1261 1246 1292 1309 et

175 1347 250 1428 potu
273 1347 304 1410 et
331 1345 497 1427 superfiuas
525 1345 686 1411 foeditates
714 1347 909 1439 inferioribus
937 1349 1066 1431 egerunt
1094 1347 1290 1429 abiciuntque

141 1449 315 1530 reposticis:
339 1452 371 1514 et
392 1467 447 1513 nos
470 1449 537 1515 oibo
560 1450 768 1515 sustentamur
790 1452 821 1514 et
843 1451 917 1531 potu
939 1451 971 1515 et
993 1452 1074 1534 quod
1095 1453 1206 1517 natura
1227 1451 1292 1516 iam

156 1553 293 1643 respuit
318 1570 371 1635 per
398 1553 520 1617 eosdem
542 1552 727 1618 effundimus
749 1554 902 1618 tramites.
937 1572 1010 1619 cura
1035 1553 1100 1618 illis
1122 1556 1169 1620 est
1191 1555 1291 1620 omni-

175 1653 233 1720 bus
259 1654 373 1720 famem
399 1654 559 1736 probibere
587 1655 778 1720 mortiferam
807 1657 838 1720 et
858 1656 1026 1721 necessario
1054 1657 1216 1740 inuigilare
1237 1677 1291 1740 pro

175 1758 276 1822 uictu:
306 1758 380 1839 qnid
407 1756 494 1822 aliud
523 1777 578 1822 nos
600 1759 696 1825 tantis
724 1759 846 1842 agimus
868 1758 900 1824 in
922 1759 1171 1843 occupationibus
1197 1761 1290 1842 uitae,

174 1859 236 1924 nisi
256 1862 293 1924 ut
314 1879 351 1925 ea
372 1879 552 1942 quaeramus
575 1861 686 1942 quibus
707 1860 799 1926 famis
819 1861 992 1943 periculum
1014 1861 1168 1928 deuitetur
1189 1865 1220 1929 et
1241 1864 1291 1929 in-

142 1987 165 2026 1⁶
176 1962 249 2028 felix
280 1963 457 2029 sollicitudo
484 1965 637 2045 ponatur?
669 1965 791 2029 morbos
819 1964 929 2029 illast
955 1965 1073 2030 inedias
1101 1966 1238 2032 sentiunt
1260 1968 1292 2032 et

175 2067 215 2131 ad
243 2066 391 2131 ultimum
420 2067 577 2132 senectute
605 2066 782 2133 soluuntnr:
817 2067 890 2149 qnid
917 2062 1022 2132 enim?
1055 2085 1109 2132 nos
1136 2069 1290 2136 immunes

174 2169 266 2234 malis
288 2171 327 2234 ab
348 2171 397 2236 his
415 2189 533 2249 [snmus
556 2171 587 2234 et
609 2188 669 2235 non
697 2171 803 2235 eadem
831 2169 948 2235 ratione
976 2171 1152 2236 morborum
1173 2175 1290 2238 incom-

175 2272 376 2337 moditatibus
398 2272 572 2356 frangimur
593 2275 625 2338 et
647 2273 812 2338 senectutis
835 2273 1021 2338 destruimur
1043 2273 1137 2339 tabe?
1159 2275 1240 2356 quod
1263 2275 1291 2341 si

176 2375 208 2439 et
228 2374 308 2440 illud
330 2376 378 2440 est
398 2395 517 2455 uerum,
540 2377 622 2458 quod
643 2376 675 2440 in
696 2375 853 2459 mysteriis
876 2376 1088 2442 secretioribus
1111 2378 1235 2457 dicitur,
1257 2379 1291 2445 in
1338 2441 1341 2445 ,

123 2470 420 2559 .aopeoudes'atque
442 2478 518 2543 alias
539 2477 646 2544 beluas
668 2478 712 2543 ire
734 2479 852 2544 animas
873 2479 1097 2562 improborum,
1127 2482 1288 2564 postquam

176 2580 247 2667 sunt
282 2580 425 2644 humanis
463 2580 638 2663 corporibus
674 2585 800 2660 exutae,
835 2581 1028 2647 manifestius
1065 2585 1288 2664 comprobatur,

174 2683 292 2747 uicinos
319 2702 375 2747 nos
401 2701 465 2748 esse
492 2703 589 2765 neque
616 2684 789 2749 interuallis
816 2684 1003 2767 longioribus
1032 2686 1211 2766 disparatos.
1246 2686 1290 2752 si·

175 2785 299 2867 quidem
320 2804 368 2850 res
392 2786 606 2852 eademnobis
629 2789 660 2851 et
682 2787 747 2851 illis
770 2788 817 2852 est
839 2807 914 2868 una,
944 2807 998 2870 per
1019 2807 1112 2870 quam
1134 2808 1199 2854 esse
1221 2790 1288 2855 ani-

174 2888 293 2953 mantia
314 2889 457 2954 dicuntur
478 2891 509 2983 et
529 2891 649 2956 motum
670 2890 788 2974 agitare
810 2891 950 2956 uitalem.
972 2891 1026 2956 sed
1048 2891 1213 2958 rationales
1234 2897 1338 2960 nosli

139 3009 281 3056 assumus
304 2993 335 3055 et
361 2991 574 3077 intellegentia
600 2993 754 3058 uincimus
782 3012 878 3076 genus
908 3011 996 3058 omne
1024 2995 1192 3059 mutorum.
1226 3013 1291 3059 cro-

175 3095 278 3159 derem
300 3094 385 3159 istud
407 3096 568 3160 uerissime
590 3095 666 3174 dici,
696 3097 723 3161 si
745 3115 815 3160 oum
837 3097 956 3162 ratione
977 3098 1008 3160 et
1031 3096 1158 3162 consilio
1186 3097 1290 3163 cuncti

174 3199 312 3263 homines
334 3199 484 3276 uiuerent,
507 3200 664 3263 seruarent
685 3199 856 3263 officiorum
871 3201 1017 3276 tenorem,
1039 3199 1228 3265 abstinerent
1249 3199 1288 3265 ab

174 3299 304 3365 inlicitis
327 3319 405 3379 sese,
432 3301 437 3387 Ι
462 3301 586 3386 negotia
607 3302 709 3384 turpia
738 3319 799 3366 non
830 3301 964 3380 adirent,
998 3320 1095 3385 neque
1125 3303 1358 3385 quisquamst

169 3402 326 3485 ›prauitate
349 3405 469 3468 consilii
491 3405 582 3486 atque
603 3404 795 3488 ignorantiae
817 3405 964 3470 caecitate
986 3405 1140 3471 contraria
1162 3406 1289 3472 sibimet

137 3506 267 3587 roatque
288 3505 415 3572 inimica
436 3507 618 3590 deposceret.
642 3508 755 3572 uellem
771 3509 874 3572 temen
890 3508 976 3582 scire,
992 3528 1143 3591 quaenam
1158 3509 1200 3574 sit
1214 3509 1289 3576 haec

208 3760 400 3829 3rpiritub'cb
494 3760 630 3830 terebris]
643 3761 816 3831 reciprocis?
911 3760 1019 3817 dsexus
1032 3763 1101 3818 Sub:
1121 3765 1221 3819 soan

174 3846 191 3900 6
209 3845 327 3900 conciliis
346 3847 417 3900 Sub.-
443 3846 562 3900 consiliis
580 3846 607 3899 P
729 3849 746 3901 8
764 3847 834 3902 aluis
852 3847 920 3902 Sub:
938 3848 1021 3902 alueis
1038 3849 1066 3902 P
1187 3851 1289 3909 emitti·

173 3948 242 3985 mnr.
259 3934 375 3985 matrum
393 3930 451 3984 cibo
469 3934 648 3986 sustentamur
665 3934 692 3986 et
709 3922 791 4000 potu
802 3937 829 3988 et
850 3933 905 3988 Sub
1044 3934 1142 3988 15i11a
1160 3935 1228 3990 Sub:
1254 3937 1288 3990 il-

135 4018 214 4075 .las
231 4018 259 4070 P
364 4015 481 4071 inaedias
499 4018 528 4071 P
639 4019 672 4073 18
689 4018 751 4073 tabe
769 4019 840 4072 Sub.-
865 4019 989 4073 tubaeP
1100 4018 1135 4074 20
1152 4021 1242 4075 uelnas
1261 4022 1288 4075 P

173 4118 236 4157 corr
337 4103 371 4157 21
388 4105 480 4156 exutae
496 4103 558 4156 Get:
576 4107 695 4172 sumptae
713 4104 741 4157 P
757 4106 858 4157 ‘exutae
874 4106 919 4158 ccl
936 4106 1073 4159 submotae
1089 4107 1135 4159 uel
1153 4106 1287 4174 (humanis

172 4188 260 4253 rebus)
279 4191 417 4255 exemptao’
435 4188 486 4243 Ure
572 4190 606 4243 24
622 4189 749 4243 dicuntur
760 4191 857 4258 scripsi
862 4211 870 4242 .·
888 4190 986 4245 dicitur
996 4192 1024 4244 P
1038 4190 1151 4245 dicimur
1167 4192 1221 4247 Uro

171 4274 208 4327 28
226 4289 279 4327 sese
298 4275 387 4328 Solen:
405 4290 459 4328 esre
478 4275 504 4328 P
522 4277 548 4328 et
565 4276 589 4328 si
607 4274 661 4329 Sub
763 4275 948 4344 repraestare
967 4277 1030 4331 Gal:
1053 4277 1187 4345 paruitate
1205 4277 1232 4331 P
