2904 4784
670 353 768 407 Liber
791 354 814 409 I.
1258 357 1302 421 43

180 523 368 588 latronibus:
402 523 552 605 numquid
575 523 686 606 Apollo
714 524 868 589 diceretur
898 525 930 589 in
953 543 989 590 ea
1016 542 1082 591 esso
1104 527 1242 593 occisus?
1274 537 1311 613 si¹

181 625 288 703 Bacis,
311 625 338 690 si
360 625 510 704 Helenus,
532 626 668 691 Marcius
690 627 803 708 aliique
831 627 977 691 similiter
1006 631 1093 692 uates
1115 629 1299 697 hariolantes

182 730 280 793 essent
302 729 370 793 uita
392 730 512 794 etlucs
539 729 673 813 priuati:
706 731 856 811 numquid
885 731 996 811 aliquis
1025 729 1137 797 diceret
1159 733 1299 816 lagoses

180 831 385 896 humanitatis
402 833 550 896 extinctos
565 833 618 914 qui
640 833 764 896 illorum
779 852 833 914 per
848 852 901 897 ora
915 835 1073 914 loquentes
1088 835 1154 898 uias
1170 855 1272 900 rerum
1291 835 1295 920 l
1312 846 1329 895 f.
1339 847 1377 896 ao

77 954 82 971 ·
162 934 409 1017 spostulantibus
442 935 656 1015 explicabant?
688 952 770 999 mors
803 935 859 1000 illa
893 954 985 1016 quam
1013 937 1115 1001 dicitis
1144 938 1301 1020 adsumpti

179 1036 314 1101 hominis
337 1035 397 1100 fuit
418 1054 478 1100 non
500 1037 612 1118 ipsius,
648 1037 828 1120 gestaminis
850 1056 910 1101 non
932 1040 1099 1122 gestantis,
1131 1060 1224 1122 quam
1246 1059 1300 1105 uec

180 1140 248 1220 ipsa
270 1140 387 1222 perpeti
409 1140 620 1205 succubuisset
643 1141 766 1222 species,
791 1144 878 1206 tanta
901 1142 927 1205 si
943 1159 1002 1206 non
1026 1143 1143 1225 agenda
1157 1162 1206 1206 res
1221 1148 1302 1217 esset

182 1244 212 1307 et
233 1242 460 1324 inexplicabilis
482 1243 559 1307 ratio
582 1242 639 1307 fati
662 1244 775 1308 clausis
797 1244 1007 1325 patefacienda
1021 1246 1184 1328 mysteriis.
1223 1255 1349 1327 quassa

181 1347 254 1409 sunt
275 1346 354 1423 ista,
376 1345 514 1426 inquies·
539 1346 644 1410 clausa
666 1347 757 1427 atque
779 1343 908 1411 obscura
930 1348 1100 1430 mysteria?
1122 1368 1199 1430 quae
1222 1349 1301 1412 nulli
1325 1424 1327 1428 Α

148 1467 237 1513 ronco
264 1448 404 1513 homines
433 1449 511 1512 scire
537 1468 592 1512 neo
618 1449 676 1529 ipsi
705 1449 757 1530 qui
786 1449 981 1531 appellantur
1010 1451 1053 1514 dii
1081 1452 1188 1515 mundi
1215 1454 1302 1533 parte

181 1553 298 1633 queunt
321 1551 424 1632 aliqua
446 1551 627 1632 suspicionis
650 1555 741 1633 etqua
764 1552 947 1634 opinationis
963 1553 1124 1636 attingere,
1148 1554 1207 1618 uisi
1228 1571 1301 1636 quos

180 1655 246 1736 ipse
269 1654 416 1737 dignatus
439 1657 485 1717 est
508 1653 690 1736 cognitionis
719 1657 821 1717 tantae
848 1655 995 1736 inpertire
1017 1657 1194 1721 muneribus
1218 1658 1248 1720 ot
1269 1657 1300 1721 in
1417 1655 1419 1663 ’

181 1756 305 1822 abditos
336 1770 474 1820 recessus
502 1755 639 1821 thesauri
666 1755 820 1820 interioris
848 1756 1001 1822 inducere.
1040 1758 1114 1838 quid
1137 1759 1242 1822 enim?
1275 1759 1301 1824 si

182 1859 278 1923 nollet
306 1858 412 1923 inferri
435 1859 495 1923 sibi
516 1877 533 1923 a
556 1877 709 1940 quoquam
731 1876 854 1936 manus,
887 1878 1008 1925 summa
1029 1860 1077 1924 illi
1099 1859 1208 1925 fuisset
1230 1881 1304 1926 con-

149 1961 318 2026 retentione
340 1961 510 2038 nitendum,
533 1965 568 2024 ut
589 1961 691 2025 hostes
714 1960 752 2025 ab
775 1980 807 2025 se
829 1979 898 2024 suos
920 1962 971 2025 uel
986 1965 1138 2044 potestate
1159 1965 1302 2028 uniuersa

182 2065 381 2145 prohiberet?
418 2065 470 2144 qui
493 2064 589 2128 caecis
612 2064 791 2127 restituerat
813 2064 942 2139 lumina,
965 2065 992 2129 is
1016 2064 1133 2129 efficere
1155 2067 1181 2130 si
1209 2066 1299 2131 debc-

183 2171 230 2232 ret
251 2184 312 2231 non
333 2170 454 2265 poterat
478 2170 605 2231 caecos?
634 2167 686 2248 qui
710 2166 863 2231 debilibus
890 2168 1111 2251 integritatem,
1135 2170 1161 2231 is
1184 2168 1300 2233 debiles

182 2269 309 2334 reddere
331 2256 517 2334 difficultati
531 2270 641 2333 habuit
663 2272 717 2332 aut
739 2269 857 2334 labori?
880 2271 932 2351 qui
955 2271 1080 2335 claudos
1095 2272 1300 2355 praecipiebat

138 2430 141 2435 .
182 2372 337 2451 incedere,
370 2373 398 2437 is
425 2377 528 2436 motus
562 2372 716 2454 conligare
749 2372 959 2436 membrorum
991 2391 1153 2437 neruorum
1187 2374 1301 2438 duritia

129 2476 360 2541 ··ronesciobat?
393 2476 447 2557 qui
469 2474 645 2538 extrahebat
668 2475 706 2538 ab
729 2476 859 2538 tumulis
887 2478 1037 2553 mortuos,
1070 2477 1142 2540 huic
1172 2478 1302 2540 arduum

183 2578 284 2644 fuerat
305 2580 406 2642 letum
428 2580 477 2642 cui
498 2578 593 2641 uellet
615 2579 769 2642 indicere?
802 2582 854 2644 sed
885 2580 956 2660 quia
977 2578 1043 2643 fieri
1067 2580 1145 2644 ratio
1168 2598 1203 2643 ea
1225 2598 1302 2660 quae

184 2682 306 2746 fuerant
338 2683 492 2746 destinata
524 2683 667 2762 poscebat
695 2681 797 2745 ethio
823 2683 943 2763 inipso
975 2684 1088 2747 mundo
1124 2701 1179 2745 neo
1211 2683 1301 2745 modo

185 2802 278 2865 quem
312 2789 435 2868 gestum
468 2788 513 2848 ost
547 2784 621 2862 alio,
654 2785 889 2850 inaestimabilis
918 2786 975 2850 illa
998 2789 1089 2866 atquc
1111 2783 1300 2848 incredibilis

185 2887 296 2950 lenitas
318 2887 447 2950 iniurias
468 2887 502 2949 in
525 2905 557 2950 so
578 2886 738 2950 hominum
764 2888 933 2969 puerilibus
961 2905 1014 2968 pro
1043 2887 1166 2968 ineptiis
1190 2888 1301 2952 ducens

152 3008 297 3054 romanus
318 2990 351 3053 in
373 3009 405 3053 se
427 2990 542 3072 porrigi
564 2990 602 3053 ab
625 2989 798 3054 inmanibus
820 3008 909 3071 passa
932 2992 978 3054 est
1000 2991 1232 3072 durissimisque
1255 2991 1300 3054 la-

187 3093 326 3157 tronibus
348 3112 404 3157 nee
432 3092 636 3174 reputandum
663 3093 786 3173 putauit
814 3093 888 3175 quid
919 3093 1045 3156 illorum
1071 3091 1075 3177 Ι
1102 3093 1301 3176 dissignasset
1312 3103 1329 3152 f.
1340 3100 1386 3152 acb

189 3195 326 3273 audacia,
349 3195 516 3259 dummodo
539 3195 602 3259 suis
625 3195 807 3273 ostenderet,
830 3196 903 3278 quid
926 3197 963 3260 ab
987 3215 1050 3261 sese
1072 3202 1228 3278 expectare
1251 3198 1302 3262 de-

222 3498 240 3551 2
259 3499 335 3554 Bacis
346 3500 508 3554 Merccrcss'
519 3500 590 3554 uatis
604 3501 631 3553 P
647 3503 722 3554 uates
736 3501 790 3554 sao
889 3503 912 3554 si
928 3502 1043 3555 Marcius
1062 3503 1114 3556 Urs
1216 3502 1303 3556 hario-

188 3582 324 3656 lanitssP
389 3584 531 3652 3clcgeP
599 3584 660 3638 deos
678 3585 730 3639 Urs
797 3587 956 3655 bassumpti
972 3589 1033 3641 Gal:
1046 3589 1196 3657 adsumptio
1210 3590 1237 3642 P

190 3669 205 3720 7
223 3668 280 3738 ipsa
290 3711 295 3722 .
307 3711 312 3722 .
324 3708 329 3720 .
342 3669 437 3739 species
455 3670 566 3737 scripsi:
584 3669 702 3736 ipsam..
714 3671 772 3724 .uis
790 3673 818 3725 P
834 3673 875 3725 uis
893 3672 937 3726 dcl
951 3674 999 3727 Get
1135 3677 1151 3729 8
1169 3675 1219 3729 lati
1241 3678 1303 3731 Get:

189 3755 293 3810 satisP
393 3755 585 3824 paterfacienda
598 3757 625 3808 P
728 3758 761 3812 11
775 3760 1002 3824 quaeuntPcorr
1105 3763 1138 3815 12
1155 3763 1198 3815 ias
1211 3764 1238 3816 P

189 3841 223 3894 13
234 3841 302 3909 'quid
325 3841 390 3895 Urs:
416 3840 490 3894 uides
508 3842 535 3893 P
638 3842 670 3895 14
687 3841 781 3896 fuisset
803 3843 869 3896 Urs:
894 3842 991 3899 fuisse*
1010 3848 1037 3899 P
1129 3848 1162 3902 15
1179 3848 1304 3904 uniuersa

190 3925 259 3980 sao.-
277 3926 382 3979 inuersa
400 3927 427 3980 P
536 3929 568 3980 18
586 3928 735 3995 presciebat
754 3927 808 3982 Sao
911 3931 943 3984 19
961 3932 1086 4000 colligare
1105 3933 1171 3986 Urs:
1189 3935 1303 4004 caligare

189 4012 217 4064 P
231 4012 340 4080 alligare
358 4012 408 4066 oet
511 4013 610 4066 duritia
627 4013 690 4067 ees:
711 4014 879 4069 duritiamP
979 4017 1106 4072 20aScb
1208 4020 1241 4074 21
1253 4024 1304 4075 loe-

189 4099 288 4152 tumc⁴
401 4098 562 4167 trineptis
581 4099 649 4153 Sub:
673 4100 769 4168 ineptis
787 4101 815 4153 P
926 4102 959 4155 26
976 4118 1024 4156 nec
1044 4103 1107 4155 Get:
1131 4103 1193 4158 haec
1211 4106 1238 4158 P

189 4184 374 4252 imputandum
391 4185 439 4240 Get
532 4185 630 4253 quitP
721 4185 884 4252 designasset
897 4189 950 4241 Sab
1040 4189 1073 4242 27
1086 4189 1226 4244 dummodo
1242 4192 1305 4247 eea·

190 4269 327 4323 cummodo
340 4270 368 4323 P
468 4272 527 4339 quit
545 4273 572 4324 P
587 4288 647 4325 corr
964 4312 967 4317 ·
