2904 4784
258 345 300 413 32
562 343 705 399 Arnobii
729 343 887 429 aduersus
911 343 1070 398 nationes

257 517 318 583 mis
347 516 468 585 dedisse
497 515 665 582 medicinas
698 513 729 577 et
749 511 918 577 mnarum
945 512 1105 579 hominum
1137 516 1262 584 morbos
1289 519 1375 584 nale·

257 621 439 703 tudinesque
461 635 591 685 curasse.
623 633 684 680 non
704 615 834 696 inquiro,
858 631 917 679 non
940 615 1036 699 exigo,
1060 615 1130 698 quis
1151 620 1228 683 deus
1245 621 1301 684 aut
1315 638 1374 700 quo

257 727 394 807 tompore
422 722 472 789 oui
500 720 595 787 fuerit
625 718 791 783 auxiliatus
825 719 880 782 aut
915 737 1007 801 quern
1040 720 1174 787 fractum
1202 723 1375 789 restituerit

257 827 401 895 amaa:
423 824 503 891 illud
525 823 625 889 solum
639 820 745 886 audire
765 819 914 899 desidero,
934 841 976 886 an
990 822 1056 888 sine
1070 823 1166 891 ullius
1181 824 1375 890 adiunctione

257 929 406 997 materiae
426 927 459 992 id
480 927 528 991 est
547 922 759 989 medicaminis
780 922 912 989 alicuius
925 924 964 988 ad
978 925 1098 990 uotum
1113 927 1235 992 morbos
1249 927 1374 994 iusserit
1396 955 1407 994 r

257 1035 296 1102 ab
311 1032 487 1100 hominibus
504 1028 632 1105 enolare,
655 1026 783 1109 imperio
805 1030 861 1092 aut
875 1027 980 1093 fecerit
994 1027 1027 1101 et
1049 1031 1144 1094 emori
1159 1029 1373 1096 ualetudinum

256 1155 379 1203 causam
401 1136 432 1199 et
453 1131 603 1197 debilium
624 1146 747 1212 corpora
768 1129 898 1196 adsuas
914 1149 1048 1198 remeare
1063 1133 1196 1198 naturas.
1230 1131 1373 1199 Christus

256 1241 339 1306 enim
366 1236 462 1302 scitur
489 1233 544 1299 aut
572 1232 695 1297 admota
721 1232 864 1314 pertibus
892 1233 1067 1300 debilitatis
1095 1253 1189 1301 manu
1211 1239 1266 1300 aut
1287 1237 1372 1302 uocis

256 1339 407 1422 simplicis
439 1337 573 1403 iussione
606 1353 693 1400 aures
725 1335 879 1417 aperuisse
911 1337 1089 1417 surdorum,
1124 1339 1299 1404 exturbasse
1332 1339 1371 1404 ab

255 1444 351 1510 oculis
374 1440 546 1518 caecitates,
569 1440 737 1505 orationem
759 1438 879 1505 dedisse
901 1441 1007 1520 mutis,
1032 1442 1234 1507 articulorum
1248 1443 1372 1508 uincula
1382 1472 1406 1510 ιο

255 1547 413 1622 relaxasse,
437 1542 632 1608 ambulatum
654 1543 773 1608 dedisse
794 1545 968 1623 contractis,
991 1545 1164 1630 uitiligines
1186 1565 1370 1629 querqueras

254 1652 346 1731 atque
378 1647 542 1714 intercutes
574 1647 694 1711 morbos
726 1646 888 1729 omniaque
920 1647 982 1712 alia
1008 1648 1222 1715 ualetudinum
1250 1667 1369 1733 genera,

254 1770 331 1835 qnae
363 1751 497 1816 humana
528 1766 652 1831 corpora
684 1749 834 1814 sustinere
868 1749 969 1816 nescio
997 1769 1058 1833 qua
1085 1751 1186 1816 uoluit
1207 1752 1370 1835 inportuna

254 1854 433 1934 crudelitas,
467 1852 561 1917 uerbo
593 1851 702 1918 solitus
729 1851 917 1935 imperioque
945 1870 1060 1918 sanare.
1095 1854 1169 1936 quid
1201 1854 1303 1919 simile
1324 1856 1369 1921 dii

254 1974 368 2033 omnes,
389 1974 408 2020 a
429 1954 540 2037 quibus
563 1971 652 2036 opem
673 1952 777 2018 dicitis
807 1954 907 2039 aegris
930 1955 961 2020 et
981 1955 1064 2038 peric
1079 1955 1228 2022 'tentibus
1250 1957 1403 2027 latomia

254 2059 355 2142 quisi
387 2059 507 2141 quando
535 2059 571 2123 ut
593 2058 693 2126 fama
709 2058 757 2122 est
789 2058 945 2124 nonnullis
972 2059 1146 2125 adtribuere
1173 2059 1368 2139 medicinam,

170 2168 188 2219 f·
199 2168 244 2219 18¹³
253 2163 307 2227 aut
339 2160 442 2226 cibum
474 2159 609 2242 aliquem
639 2159 644 2246 Ι
674 2160 829 2227 iusserunt
861 2163 929 2245 capi
960 2164 1015 2227 aut
1047 2163 1206 2244 qualitatis
1238 2162 1368 2228 alicuius
1417 2158 1421 2168 ’

253 2263 336 2329 ebibi
359 2264 512 2345 potionem
539 2264 595 2328 aut
615 2262 779 2328 herbarum
801 2267 832 2329 et
854 2265 1029 2348 maurinum
1060 2283 1146 2331 sucos
1169 2283 1369 2348 superponere

252 2365 495 2448 inquietantibus
527 2365 642 2445 cauam,
676 2367 850 2447 ambulare,
883 2386 998 2434 cessare
1020 2369 1074 2433 aut
1095 2386 1128 2434 re
1155 2369 1259 2450 aliqua
1292 2387 1368 2451 qnae

252 2468 365 2534 officiat
403 2469 576 2534 abstinere,
604 2470 685 2552 quod
712 2487 776 2534 esse
802 2489 863 2536 non
889 2489 1038 2555 magnum
1066 2488 1122 2536 nec
1154 2471 1403 2544 admirationisa

252 2571 383 2638 alicuius
405 2571 528 2654 stupore
550 2572 736 2656 condignum
757 2573 935 2656 promptum
957 2574 1013 2650 est,
1035 2573 1062 2637 si
1079 2574 1241 2640 uolueritis
1263 2576 1366 2640 atten-

252 2677 336 2742 dere:
360 2676 392 2741 et
412 2675 524 2742 medici
547 2676 630 2741 enim
652 2677 696 2742 sic
717 2677 834 2756 curant,
857 2677 971 2742 animal
993 2677 1080 2742 humi
1101 2679 1210 2742 natum
1224 2694 1279 2740 nec
1294 2693 1366 2742 con-

251 2778 343 2844 fisum
376 2779 520 2845 scientiae
552 2779 684 2845 ueritate
716 2779 769 2846 sed
799 2781 832 2845 in
866 2781 930 2844 arte
962 2780 1141 2862 suspicabili
1170 2778 1304 2862 positum
1335 2782 1367 2844 et

252 2882 496 2948 coniecturarum
519 2883 787 2949 aestimationibus
810 2884 933 2949 nutam.
963 2883 1048 2948 nulla
1069 2884 1173 2948 autem
1195 2882 1295 2948 uirtus
1318 2883 1365 2948 est

250 2984 506 3051 medicaminibus
538 3003 678 3052 amouere
714 3005 791 3068 quae
822 2988 962 3052 noceant:
997 2985 1141 3054 beneficia
1169 2985 1230 3051 ista
1250 3004 1399 3063 remma

249 3106 310 3152 non
331 3088 404 3153 sunt
425 3090 601 3154 curantium
622 3090 806 3171 potestates,
841 3090 873 3155 et
894 3092 930 3154 ut
951 3090 993 3155 sit
1015 3089 1170 3154 landabile
1191 3087 1281 3165 scire,
1305 3106 1365 3170 qua

251 3190 361 3272 quibus
384 3191 546 3256 conueniat
568 3189 721 3257 medicina
741 3193 795 3257 aut
817 3193 883 3257 arte
905 3192 1021 3271 curari,
1045 3193 1129 3256 locas
1150 3192 1240 3257 huius
1262 3191 1364 3257 laudis

249 3293 367 3358 nonin
394 3293 450 3360 deo
479 3292 531 3358 sed
553 3295 586 3359 in
608 3295 731 3360 homine
764 3294 948 3360 constitutus
980 3295 1035 3360 est.
1073 3295 1154 3360 hunc
1187 3295 1270 3359 enim
1302 3313 1362 3360 non
1446 3295 1449 3315 '

250 3398 296 3462 est
318 3399 406 3478 turpe
425 3396 516 3462 rebus
532 3398 718 3464 extrinsecus
734 3399 867 3481 sumptis
883 3398 1092 3463 ualetudinem
1106 3398 1241 3462 hominis
1257 3396 1362 3462 fecisse

248 3499 421 3565 meliorem:
454 3500 632 3566 indecorum
660 3501 715 3566 deo
744 3503 806 3579 est,
830 3518 889 3565 non
917 3501 1020 3583 ipsum
1047 3520 1102 3583 per
1123 3519 1155 3566 se
1175 3518 1277 3583 posse,
1308 3502 1397 3570 seda

249 3604 444 3668 externarum
479 3603 676 3669 adminiculis
717 3621 820 3668 rernm
857 3604 1022 3669 sanitatem
1057 3603 1361 3685 incolumitatemque

283 3925 651 3996 lualetudinesquaePcorr
753 3925 891 3995 timporio
904 3927 1076 3995 antscra'psc':
1090 3927 1296 3996 imperaueritP

249 4014 281 4068 13
292 4014 415 4068 nesci⁰P
493 4028 560 4080 quae
573 4011 628 4066 Sub
699 4011 1042 4081 >14imperioquaePccc·r
1127 4014 1295 4082 quitPcorr

249 4099 281 4153 16
299 4103 346 4154 ant
362 4099 479 4153 tribuere
493 4097 547 4152 Sub
651 4097 683 4151 18
702 4098 879 4166 superimponi
892 4096 947 4152 Sub
1048 4098 1081 4151 22
1098 4101 1125 4153 et
1144 4098 1186 4153 del
1203 4115 1232 4166 r,
1249 4098 1361 4152 Ebosea

247 4185 364 4240 badius
465 4184 545 4252 enim]
565 4183 645 4238 etiam
664 4182 718 4238 Soc
821 4183 854 4236 26
872 4198 924 4250 qua
941 4182 1038 4252 quibus
1062 4183 1127 4238 Urs:
1156 4199 1222 4252 qnae
1239 4183 1312 4252 quib,
1337 4184 1363 4235 P

249 4269 320 4324 delr
338 4268 551 4340 quaquosSalm
654 4269 688 4326 28
704 4269 784 4322 non¹¹¹
800 4267 828 4321 P
927 4269 960 4322 31
973 4267 1361 4338 incolumitatemqnaePcorr
