2904 4784
277 341 319 406 36
495 332 498 339 ’
580 338 726 394 Arncbii
748 338 908 394 aduersus
928 338 1088 395 nationes
1208 410 1210 415 Ι

277 511 466 593 neque'sliis
487 510 667 592 permittere
688 509 800 575 talium
821 515 949 594 possunt
971 529 1097 595 operum
1124 513 1304 594 potestates,
1330 513 1392 595 ipsi

276 615 393 679 facient
414 614 446 679 et
468 633 538 680 cum
552 615 616 679 suis
634 613 747 678 ritibus
770 604 895 694 fecieut,
918 615 1068 698 quidquid
1088 615 1220 681 malefici
1242 617 1391 700 graminis

276 717 432 781 nutricant
453 717 603 782 terremm
624 717 719 794 sinus,
741 717 890 799 quidquid
911 717 1028 783 uirium
1051 719 1187 783 continet
1207 719 1320 784 fremor
1335 719 1390 783 ille

275 818 437 884 uerborum
460 822 550 902 atque
571 820 735 884 adiunctae
756 820 927 885 carminum
949 820 1163 900 necessitates,
1186 839 1246 886 non
1261 821 1389 886 'inuide-

273 943 352 1001 mus,
376 925 526 1002 adiciant,
559 943 619 990 non
640 924 868 1005 interdicimus,
903 925 1068 1010 colligent:
1102 927 1231 1007 experiri
1258 925 1337 990 libet
1358 925 1423 992 ets

274 1047 496 1114 recognoscere,
519 1047 557 1093 un
579 1047 649 1092 cum
671 1027 736 1094 suis
758 1028 875 1094 efficere
889 1029 950 1094 diis
965 1030 1094 1110 possint,
1117 1031 1197 1111 qnod
1212 1029 1249 1093 ab
1264 1029 1389 1093 rusticis

224 1137 263 1200 53
274 1133 454 1199 Christianis
475 1131 663 1197 iussionibus
685 1130 863 1196 factitatum
884 1132 932 1197 est
946 1132 1055 1222 nudis,
1077 1133 1227 1210 desistite,
1251 1131 1388 1209 crescii,

272 1238 305 1302 in
326 1235 492 1300 meledicta
514 1235 688 1299 conuertere
709 1235 883 1299 restantes
906 1234 986 1303 nihil
1009 1235 1038 1299 ei
1064 1236 1203 1300 nocitura
1225 1234 1278 1316 qui
1303 1234 1387 1313 feeit,

272 1340 442 1423 periculum
468 1337 609 1402 adlatura
622 1336 675 1401 sed
693 1335 795 1415 uobis,
818 1336 989 1420 periculum
1012 1337 1137 1420 inquam
1161 1354 1220 1402 non
1246 1357 1386 1421 paruum,

271 1444 379 1509 sedin
400 1441 491 1506 rebus
513 1440 642 1519 eximiis,
665 1442 719 1505 sed
740 1440 773 1505 in
788 1441 1189 1524 praecipuis‘constitutum,
1220 1441 1247 1506 si
1262 1440 1386 1522 quidem
1395 1471 1422 1510 ro

270 1566 318 1611 res
345 1546 448 1611 enims
479 1543 613 1626 pretiose
639 1545 699 1622 est,
733 1561 788 1608 nec
808 1543 875 1625 ipso
898 1562 929 1608 se
951 1545 1069 1609 homini
1097 1544 1385 1627 quicquempotest

271 1648 369 1714 carius
390 1645 530 1712 inueniri.
567 1646 646 1710 nihil
681 1648 717 1711 ut
749 1646 860 1711 remini
895 1647 1065 1729 magicum,
1093 1649 1172 1713 nihil
1204 1649 1383 1725 humanum,

269 1752 505 1835 praestigiosum
528 1750 583 1814 eut
604 1749 781 1827 subdolum,
810 1749 889 1814 nihil
912 1749 1028 1816 fraudis
1050 1751 1175 1815 delituit
1197 1751 1230 1816 in
1251 1750 1383 1827 Christo,

269 1854 431 1920 derideatis
459 1854 533 1919 licet
560 1871 595 1917 ex
621 1871 705 1918 more
732 1855 823 1934 etque
852 1852 885 1917 in
912 1854 1074 1919 lasciuiam
1096 1852 1310 1919 dissolnemini
1332 1871 1384 1917 ce-

269 1957 456 2022 chinnorum.
494 1957 568 2021 deus
600 1955 657 2020 ille
687 1956 830 2020 sublimis
857 1957 932 2036 fuit,
966 1957 1039 2022 deus
1067 1956 1168 2021 radico
1194 1957 1233 2021 ab
1261 1955 1418 2035 intimum

197 2059 342 2125 tr1deus
364 2060 403 2125 eb
424 2058 588 2142 incognitis
614 2057 618 2142 l
644 2058 745 2142 regnis
766 2059 797 2123 et
819 2058 857 2123 eb
880 2059 1018 2124 omnium
1039 2059 1176 2141 principe
1209 2060 1264 2124 deo
1286 2058 1384 2139 sospi-

267 2165 350 2229 tator
371 2165 418 2228 est
439 2162 563 2242 missus,
586 2180 678 2242 quem
699 2180 797 2242 neque
819 2162 865 2226 sol
887 2162 952 2244 ipse
973 2180 1070 2243 neque
1092 2163 1166 2242 ulle,
1190 2162 1217 2225 si
1232 2162 1381 2241 sentiunt,

267 2266 382 2344 sidere,
414 2283 474 2329 non
504 2265 651 2343 rectores,
685 2283 746 2329 non
774 2265 925 2346 principes
946 2265 1069 2346 mundi,
1103 2282 1163 2329 non
1186 2265 1314 2347 denique
1337 2266 1382 2331 dii

265 2369 381 2454 magni,
404 2369 459 2433 eut
480 2367 533 2449 qui
555 2366 703 2449 fingentes
724 2385 757 2431 se
779 2366 849 2432 deos
872 2386 969 2450 genus
990 2385 1079 2432 omne
1092 2367 1272 2432 mortalium
1287 2369 1381 2433 terri-

264 2473 348 2550 tent,
376 2471 456 2535 unde
477 2472 531 2535 ent
553 2469 606 2551 qui
633 2460 727 2533 fuerit
748 2471 914 2551 potuerunt
936 2488 1057 2535 noscere
1078 2472 1130 2535 uel
1151 2471 1314 2553 suspicari:
1350 2472 1415 2536 etro

264 2575 384 2640 merito.
418 2574 526 2638 exutus
548 2573 582 2638 et
609 2590 747 2654 corpore,
777 2574 858 2654 quod
880 2575 913 2637 in
935 2575 1044 2658 exigue
1071 2576 1119 2639 sui
1147 2565 1381 2639 circumferebat

264 2680 364 2759 perte,
392 2679 557 2758 postquem
578 2676 677 2739 uideri
698 2694 730 2740 se
751 2693 859 2758 passus
881 2678 942 2754 est,
970 2677 1057 2741 cuius
1080 2680 1159 2742 esset
1181 2680 1236 2742 aut
1256 2677 1381 2760 magni·

264 2780 381 2844 tudinis
415 2778 503 2855 sciri,
536 2778 674 2843 nouitate
705 2797 808 2843 rerum
840 2779 983 2844 exterrita
1012 2780 1155 2845 uniuerso
1176 2781 1284 2844 mundi
1307 2783 1379 2845 sunt

263 2883 414 2948 clemente
436 2862 575 2959 turbete,
602 2881 698 2945 tellus
719 2885 805 2947 mote
825 2881 1025 2959 contremuit,
1054 2902 1139 2947 mere
1166 2883 1307 2948 funditus
1329 2903 1378 2948 re-

263 2986 367 3049 fusum
389 2985 450 3062 est,
482 3003 533 3048 aer
554 2983 656 3067 globis
678 2984 837 3050 inuolutus
859 2986 907 3049 est
928 2984 1137 3065 tenebrarum,
1165 2986 1272 3069 ignens
1294 2986 1411 3053 orbisu

263 3087 337 3152 solis
365 3087 515 3168 tepefacto
543 3086 649 3151 ardore
675 3087 819 3171 deriguit.
858 3087 932 3170 quid
960 3087 1042 3152 enim
1064 3089 1201 3153 restabat
1222 3090 1258 3152 ut
1279 3089 1375 3170 fieret,

262 3191 521 3272 postquemdeus
544 3191 591 3255 est
612 3191 752 3274 cognitus
773 3190 811 3268 is,
834 3190 887 3273 qui
910 3209 976 3256 esse
997 3191 1179 3256 iamdudum
1200 3211 1278 3255 unus
1293 3191 1376 3257 iudi·

214 3292 390 3358 tdeebetur
406 3313 422 3357 e
436 3292 547 3358 nobis?
580 3293 633 3357 sed
655 3311 715 3357 non
738 3293 863 3358 creditis
885 3295 973 3376 gesta
994 3295 1076 3358 haec.
1111 3297 1163 3359 sed
1181 3295 1234 3376 qui
1255 3313 1290 3358 ee
1305 3312 1375 3358 con-

262 3396 371 3478 spiceti
392 3397 465 3459 sunt
486 3395 553 3459 fieri
576 3400 607 3459 et
629 3396 685 3459 sub
708 3396 805 3460 oculis
822 3396 886 3461 suis
909 3397 1055 3461 uiderunt
1069 3398 1129 3480 egi,
1152 3399 1248 3462 testes
1263 3397 1375 3478 optimi

262 3497 485 3579 certissimique
518 3499 673 3576 suctores,
707 3499 739 3563 et
765 3499 959 3565 crediderunt
985 3501 1059 3565 haec
1086 3501 1145 3582 ipsi
1174 3502 1205 3564 et
1227 3501 1409 3572 credendes

260 3601 391 3685 posteris
413 3600 499 3665 nobis
520 3601 603 3665 hund
630 3601 760 3667 exilibus
783 3621 854 3667 cum
876 3603 1146 3685 adprobationibus
1168 3600 1372 3668 tradiderunt.

293 3839 310 3892 3
327 3837 426 3890 uirium
444 3836 515 3891 Sub:
542 3837 631 3890 uirum
649 3838 677 3892 P
811 3839 928 3894 freemcr
946 3841 974 3894 P
1028 3832 1044 3851 ”
1109 3841 1126 3894 5
1143 3856 1157 3893 e
1174 3856 1202 3894 re
1220 3857 1374 3910 cognoscere

259 3924 395 3978 Menenius
519 3922 536 3976 9
552 3924 692 3991 paruulum
709 3923 764 3978 Sub
890 3925 923 3978 10
940 3925 1043 3980 eximiis
1062 3926 1140 3983 Sabe,
1156 3927 1259 3995 exiguis
1277 3929 1305 3982 P

259 4009 292 4062 11
309 4009 443 4077 praeciosa
460 4011 486 4062 P
620 4009 653 4064 13
671 4008 779 4063 delituit
795 4009 952 4064 Heroides.-
981 4011 1065 4065 delitu
1083 4011 1124 4065 P¹
1139 4011 1230 4066 delicti
1248 4013 1303 4068 Sed

258 4093 527 4149 141asoiuiam8ao=
549 4095 676 4148 eseiuiem
688 4096 715 4147 P
798 4096 831 4149 16
848 4095 895 4149 deo
907 4096 1037 4151 meldos.-
1030 4097 1119 4152 ·deus
1131 4098 1159 4151 P
1243 4100 1275 4152 17
1293 4115 1370 4168 quem

168 4204 171 4209 ·
257 4181 381 4250 nequeP
486 4180 519 4234 21
537 4182 566 4233 st
583 4179 673 4235 Sdm:
689 4181 745 4235 sP
854 4181 887 4235 22
905 4183 1004 4238 *cutP
1113 4184 1147 4238 23
1164 4184 1231 4238 scire
1249 4185 1303 4238 Sub

256 4267 292 4322 30
309 4265 517 4336 certissimiquee
529 4266 557 4332 P
573 4281 634 4322 coer
735 4267 768 4320 31
786 4266 853 4320 heut
869 4266 897 4321 P
913 4283 974 4322 corr
