2904 4784
652 320 750 376 aroer
766 320 803 375 11.
1239 328 1281 394 55

171 492 415 575 conprehenditis
440 492 580 558 millibus
603 494 784 559 credulitate
809 493 995 560 adseueratis
1017 496 1108 573 duce,
1130 514 1280 577 quaenam

170 595 240 660 haec
262 598 309 660 est
337 595 485 660 iudicatio
513 599 579 660 tem
608 595 738 674 iniusta,
767 602 802 660 ut
823 599 957 663 nostram
986 596 1150 664 derideatis
1177 598 1279 677 fidem,

169 716 356 786 quamquam
377 715 432 763 uos
455 699 567 763 hebere
595 698 771 781 conspicitis
796 701 931 763 nostram
960 698 1174 765 credulitatem
1196 696 1289 767 com·'

168 803 314 866 munem?
346 800 402 866 sed
423 800 613 883 sapientibus
635 819 690 865 uos
711 801 789 865 uiris
815 799 1015 883 omnibusque
1036 800 1194 867 instructis
1215 802 1280 868 dis·

147 903 350 983 salphaarum
377 904 542 987 generibus
569 903 701 969 creditis.
730 921 839 984 nempe
865 902 946 981 illie,
969 903 1023 984 qui
1044 902 1123 968 nihil
1145 905 1279 968 sciscunt

167 1024 221 1070 nec
242 1007 443 1086 pronuntiant
465 1024 577 1083 unum,
608 1006 660 1087 qui
683 1023 737 1087 pro
759 1006 823 1070 suis
845 1006 1013 1070 sententiis·
1030 1005 1111 1071 bella
1132 1025 1201 1070 cum
1223 1007 1278 1070 ad-

167 1107 360 1173 uersantibus
382 1110 544 1174 conserunt
565 1111 597 1174 et
611 1108 780 1191 peruicacia
800 1125 919 1190 semper
934 1107 1143 1191 digladiantur
1159 1107 1277 1186 hostili,

161 1210 218 1292 qui
250 1229 321 1276 cnm
354 1211 432 1275 elter
467 1210 594 1276 alterius
625 1210 813 1276 labefactant
850 1210 1011 1274 dmhuunt
1044 1209 1278 1292 conuelluntque

167 1313 298 1390 decreta
321 1316 431 1377 cuncta
452 1312 570 1378 incerta
591 1312 726 1378 fecerunt
748 1330 803 1377 neo
824 1329 912 1393 posse
929 1311 1046 1394 aliquid
1068 1314 1139 1378 sciri
1160 1331 1194 1377 ex
1209 1313 1278 1396 ipsa

138 1415 352 1481 udissensione
373 1417 592 1480 monstrarunt.
611 1417 678 1480 >sed
703 1413 841 1479 officiant
864 1414 938 1479 haec
958 1415 1037 1479 nihil
1058 1416 1195 1497 nihilque
1217 1416 1276 1479 im·
1290 1417 1325 1480 ll

167 1518 314 1600 pediant‚
349 1517 519 1600 plurimum
555 1518 717 1599 quominus
753 1517 797 1582 eis
834 1518 955 1582 credere
991 1520 1082 1599 atque
1111 1518 1281 1584 auscultare

167 1620 318 1686 debeatis:
353 1621 384 1684 et
406 1620 480 1702 quid
502 1621 564 1698 est,
598 1620 678 1702 quod
700 1619 732 1684 in
754 1619 812 1686 hac
838 1621 924 1702 porte
951 1621 1005 1684 aut
1035 1637 1089 1685 uos
1111 1621 1280 1701 plurimum

104 1760 109 1777 ·
167 1723 306 1789 habeatis
327 1725 382 1787 aut
402 1723 599 1802 noeminus?
621 1741 676 1788 uos
689 1722 822 1800 Platoni,
846 1741 901 1788 uos
916 1721 1034 1801 Granio,
1058 1741 1113 1787 uos
1129 1722 1280 1787 Numenio

167 1827 215 1890 uel
237 1828 287 1891 cui
310 1824 440 1890 libuerit
461 1825 602 1891 creditis:
625 1842 679 1890 nos
695 1825 847 1891 credimus
864 1825 894 1889 et
909 1824 1133 1906 adquiescimus
1148 1823 1278 1890 Christo.

111 1942 115 1947 ·
141 1928 314 2010 siniqnites
336 1927 411 1992 haec
432 1928 547 2009 quanta
568 1932 629 2006 est,
658 1930 694 1997 ut
716 1945 786 1992 cum
814 1927 937 2008 utrique
964 1927 1139 1993 auctoribus
1160 1929 1277 1992 stemus

93 2116 95 2123 Ι
169 2031 267 2113 sitque
294 2021 391 2096 nobis¹
406 2031 437 2094 et
458 2030 546 2095 uobis
573 2049 669 2095 unum
697 2034 728 2094 et
750 2030 865 2095 socium
895 2028 1031 2109 credere,
1060 2029 1147 2096 uobis
1174 2029 1280 2095 uelitis

169 2133 232 2199 deri
254 2134 335 2216 quod
355 2134 402 2198 ita
423 2135 461 2200 ab
484 2134 550 2199 illis
573 2133 694 2198 dicatur
714 2133 863 2216 sempera,
887 2152 941 2200 nos
964 2153 1000 2200 ea
1022 2152 1099 2215 quae
1120 2132 1277 2214 proferun-

148 2224 217 2303 tur
238 2256 257 2302 a
279 2236 402 2302 Christo
428 2236 432 2323 1
459 2239 564 2304 audire
592 2238 623 2302 ct
655 2239 791 2320 spectare
823 2237 950 2304 nolitis?
984 2238 1092 2320 atquin
1119 2239 1145 2302 si
1173 2250 1349 2302 cessasses

169 2341 275 2419 causis,
298 2341 402 2422 partes
424 2339 566 2424 partibus
587 2340 776 2406 noluerimus
792 2357 930 2422 aequare,
954 2340 1055 2425 magis
1069 2357 1123 2406 nos
1139 2342 1278 2405 ualemus

143 2435 333 2527 hostendere,
357 2444 431 2527 quid
452 2447 483 2509 in
500 2443 619 2509 Christo
641 2444 789 2510 fuerimus
809 2447 905 2510 secuti
928 2463 1021 2527 quam
1046 2444 1079 2508 in
1093 2444 1279 2527 philosophis

170 2549 239 2629 quid
259 2565 323 2612 uos.
360 2566 395 2612 ec
416 2566 470 2612 nos
499 2548 621 2630 quidem
650 2549 682 2612 in
709 2547 762 2611 illo
796 2548 892 2613 secuti
926 2548 1001 2612 haec
1033 2565 1154 2612 sumus:
1188 2565 1285 2628 opera·

168 2651 248 2715 illius
276 2649 440 2734 magnifica
466 2649 754 2732 potentissimasque
782 2651 928 2728 uirtutes,
963 2668 1039 2732 quas
1066 2649 1160 2713 uariis
1182 2649 1279 2714 edidit

170 2754 364 2836 exhibuitque
391 2754 564 2832 miraculis,
599 2754 710 2836 quibus
741 2754 842 2835 quiuis
868 2758 970 2835 posset
999 2756 1037 2819 ed
1064 2754 1279 2818 necessitatem

170 2856 357 2921 credulitatis
380 2857 489 2922 adduci
511 2857 542 2921 et
568 2856 703 2922 iudicare
730 2856 875 2934 fideliter,
905 2873 963 2921 non
986 2874 1049 2922 esse
1071 2874 1149 2938 quae
1171 2855 1279 2921 fierent

142 2959 299 3024 chominis
322 2959 375 3023 sed
402 2959 525 3023 diuinae
553 2958 681 3024 alicuius
710 2960 802 3040 atque
823 2960 995 3042 incognitae
1016 2960 1188 3041 potestatis.
1223 2977 1278 3023 uos

170 3061 199 3124 in
219 3061 408 3144 philosophis
438 3061 569 3125 uirtutes
598 3063 696 3126 menti
723 3079 800 3143 quas
828 3061 916 3139 estis,
947 3064 982 3125 ut
1010 3061 1110 3144 magis
1139 3078 1193 3126 uos
1214 3060 1278 3126 illis

170 3153 259 3245 quam
280 3181 336 3228 nos
359 3162 481 3228 Christo
503 3165 671 3244 oportuerit
693 3163 835 3228 credere?
857 3165 1057 3245 quisquamne
1071 3163 1199 3227 illorum
1220 3164 1278 3228 eli-

170 3268 287 3349 quendo
308 3267 400 3332 uerbo
422 3284 481 3331 uno
502 3268 604 3348 potuit
627 3267 681 3330 ant
702 3267 793 3333 unius
815 3265 935 3347 imperii
951 3264 1088 3331 iussione
1102 3283 1162 3330 non
1177 3266 1277 3331 dicam

203 3557 217 3608 1
235 3555 344 3608 milibus
363 3553 390 3606 P
501 3552 518 3606 3
536 3566 693 3619 quamquam
713 3552 824 3620 scripsi:
849 3569 927 3622 quam
947 3553 974 3606 P
1088 3556 1206 3608 nostram
1223 3569 1277 3607 cre-

169 3637 309 3692 dulitatem
321 3638 432 3705 adrepet:
450 3639 542 3690 nostra
557 3635 755 3690 incredulitate
766 3637 794 3690 P
807 3640 898 3691 nostra
915 3653 974 3691 cum
986 3638 1142 3693 credulitate
1160 3639 1211 3693 Urs

169 3724 331 3792 deliquitP
342 3738 404 3778 corr
510 3724 545 3778 10
557 3722 698 3776 dissesione
711 3722 738 3776 P
846 3722 965 3777 efficiant
979 3723 1034 3778 Sub
1136 3724 1205 3778 nihil
1221 3724 1278 3778 odd

168 3809 308 3863 Meurstco
409 3809 544 3877 nihilqnae
561 3807 589 3860 P
601 3823 663 3862 corr
763 3807 796 3862 13
812 3807 920 3862 Plotino
944 3809 995 3864 Urs
1096 3810 1190 3865 Oronio
1211 3809 1277 3865 Urs.-

168 3896 283 3948 crotonio
302 3894 329 3947 P
449 3895 481 3948 15
497 3893 617 3961 utrisque
637 3893 690 3946 Sub
804 3896 903 3947 stemus
921 3895 1009 3963 sitque
1029 3895 1094 3949 Get:
1120 3897 1223 3963 tempus
1241 3896 1278 3949 sit

168 3995 232 4048 quae
250 3981 278 4034 P
377 3979 407 4032 17
427 3979 544 4032 dieatm:
562 3978 677 4046 accipere
697 3977 748 4031 aaz
849 3995 896 4032 nos
913 3979 976 4034 Geir
994 3996 1040 4033 uos
1052 3981 1080 4034 P
1181 3983 1214 4035 18
1231 3980 1276 4035 sd·

168 4067 230 4133 quin
247 4067 275 4119 P
382 4065 416 4118 20
434 4065 513 4118 sicuti
530 4063 631 4121 Psscorr
740 4062 876 4131 philosofls
893 4065 921 4118 P
1024 4065 1057 4118 22
1074 4065 1149 4120 illins
1166 4067 1277 4134 scripsi.-

167 4151 207 4204 illi
220 4153 247 4206 P
264 4150 313 4203 ills
326 4151 380 4204 Sub
391 4152 422 4204 tos
434 4166 478 4203 err
578 4148 842 4216 potentissimasquae
859 4150 955 4203 Pcorr
1057 4151 1091 4204 28
1109 4167 1175 4204 unus
1188 4151 1241 4205 Sub
