2904 4784
643 369 743 425 Liber
762 370 799 425 11.
1233 370 1273 437 51

164 546 248 610 tanta
269 543 333 609 siut
354 561 373 607 a
394 542 482 608 uobis
503 543 658 626 proposita
679 542 841 627 religionis
862 542 953 607 huius
969 541 1166 624 sequentibus
1181 541 1274 626 logos,

164 648 310 732 augeatur
337 662 386 710 res
414 645 513 730 magis
536 647 567 711 et
589 648 695 712 contra
723 663 829 709 omnes
858 645 958 710 minas
987 646 1080 727 atque
1108 644 1276 711 interdicta

164 749 362 815 formidinum
384 748 551 814 animosius
578 748 710 831 populus
738 746 897 812 obnitatur
929 746 962 811 et
983 746 1022 812 ad
1044 747 1185 812 credendi
1207 749 1275 813 stu·

164 853 248 918 dium
269 851 486 936 prohibitionis
507 851 606 934 ipsius
628 850 766 916 stimulis
788 851 959 916 excitetur?
981 868 1021 915 au
1036 850 1185 932 numquid
1200 851 1276 916 haec

145 954 234 1020 sieri*
255 955 373 1038 passim
402 955 433 1018 et
455 953 588 1019 inaniter
617 953 758 1032 creditis,
792 953 928 1019 fortuitis
955 953 1127 1037 incursibus
1155 953 1275 1019 adsumi

164 1057 215 1124 has
237 1059 381 1123 mentes?
402 1056 487 1122 itane
508 1056 592 1121 istud
608 1074 667 1121 nou
689 1057 832 1121 diuinum
855 1058 887 1122 et
901 1074 1024 1123 sacrum
1046 1056 1114 1121 est?
1136 1057 1189 1121 aut
1210 1056 1275 1121 siue

164 1161 216 1227 deo
238 1176 346 1225 eorum
368 1160 471 1225 tantas
493 1159 754 1256 animorum-fiori
776 1161 994 1240 conuersiones,
1017 1161 1063 1238 ut,
1086 1179 1155 1228 oum
1177 1159 1274 1226 cardi-

162 1262 227 1329 iois
249 1262 323 1328 auti
346 1261 461 1344 aliique
482 1262 636 1327 innumeri
669 1263 823 1329 cruciatus
852 1265 1109 1345 quemadmodum
1143 1264 1275 1329 diximus

165 1365 362 1448 impendeant
383 1363 563 1444 credituris,
586 1365 674 1431 uelut
695 1365 826 1447 quadam
848 1365 1009 1430 dulcedine
1031 1368 1123 1448 etque
1144 1397 1185 1432 *a
1208 1384 1276 1431 om·

137 1470 250 1533 onium
273 1468 429 1533 uirtutum
451 1485 554 1532 amore
570 1468 701 1550 correpti
717 1467 856 1551 cognitas
871 1469 1022 1550 accipiant
1038 1470 1170 1535 rationes
1186 1471 1276 1552 atque

167 1570 272 1636 mundi
293 1569 437 1635 omnibus
460 1570 549 1635 rebus
572 1572 759 1652 praeponant
781 1571 937 1636 amicitias
960 1570 1072 1636 Christi
1080 1575 1101 1637 P'
1116 1573 1177 1638 nisi
1199 1572 1305 1638 fortet

167 1673 287 1739 obtunsi
311 1674 342 1738 st
365 1671 445 1737 fatui
467 1672 612 1737 uidentur
633 1672 666 1736 hi
688 1674 792 1752 uobis,
816 1674 869 1755 qui
891 1692 944 1756 per
966 1675 1069 1740 orbem
1091 1675 1154 1740 iam
1176 1677 1276 1741 totum

159 1760 342 1858 'conspirant
364 1777 396 1840 et
411 1776 519 1840 coeunt
540 1775 572 1839 iu
587 1775 678 1840 istius
695 1777 885 1842 credulitatis
900 1778 1071 1855 adsensum.
1094 1777 1169 1860 quid
1184 1783 1277 1863 ergo?

168 1896 219 1943 uos
241 1879 302 1944 soli
324 1878 491 1962 sapientiae
507 1880 528 1958 †
543 1878 658 1943 oouditi
679 1881 772 1961 atque
787 1879 1015 1964 intellegentiae
1030 1881 1063 1945 ui
1078 1900 1163 1946 mera
1178 1883 1277 1947 nescio
1328 1896 1335 1907 ··

142 1973 275 2064 oquid'p‘
290 1981 377 2046 aliud
399 1981 512 2046 uidetis
536 1981 568 2046 et
588 1981 786 2062 profondum:
810 1984 866 2047 soli
890 2001 953 2048 esse
975 2002 1072 2068 nugas
1094 1984 1278 2068 intellegitis

168 2083 237 2150 baso
268 2083 388 2162 omnia,
422 2083 480 2148 soli
512 2085 605 2157 uerba
638 2085 670 2149 et
701 2085 832 2166 pueriles
860 2086 991 2166 ineptias
1022 2105 1057 2151 ea
1087 2103 1163 2168 quae
1191 2085 1278 2150 nobis

168 2187 376 2270 promittimus
398 2186 561 2269 principali
584 2185 621 2250 ab
644 2203 715 2269 rege
731 2188 869 2254 uentura.
903 2189 982 2253 uude
1003 2207 1113 2270 quaeso
1129 2190 1177 2254 cst
1190 2189 1278 2254 uobis

168 2290 286 2354 tautum
309 2289 477 2372 sapientiae
499 2289 660 2367 traditum,
683 2290 764 2354 unde
786 2292 935 2356 acuminis
958 2294 989 2357 et
1009 2292 1187 2357 uiuacitatis
1209 2293 1278 2356 tan-

169 2394 234 2457 tum
253 2392 308 2458 uel
329 2412 365 2457 ex
385 2391 496 2474 quibus
511 2392 655 2456 scientiae
670 2392 842 2474 disciplinis
857 2395 981 2460 tantum
996 2395 1094 2460 cordis
1109 2395 1277 2471 adsumere,

140 2493 370 2560 odiuinatiouis
391 2495 515 2559 tentum
536 2495 680 2576 potuistis
703 2495 860 2579 haulrirol
882 2498 955 2580 quia
974 2517 1028 2582 per
1046 2516 1132 2563 casus
1153 2500 1185 2562 et
1199 2499 1279 2562 tem·
1289 2510 1307 2562 f.
1317 2511 1349 2562 as

175 2615 245 2681 pora
273 2597 425 2663 declinare
454 2597 546 2661 uerba
575 2598 660 2662 scitis
691 2599 722 2662 ct
743 2599 880 2677 nomina,
916 2601 987 2681 quia
1016 2617 1105 2665 uoces
1134 2599 1279 2666 barbaras

170 2701 423 2782 soloecismosque
454 2700 567 2779 uitare,
601 2703 672 2783 quia
700 2721 897 2768 numerosum
927 2705 958 2768 et
980 2705 1132 2769 structum
1158 2719 1280 2786 compo·

170 2803 321 2885 situmque
343 2820 512 2868 sermonem
538 2805 593 2871 aut
614 2804 673 2886 ipsi
695 2823 749 2870 uos
772 2806 868 2870 nostis
891 2806 1005 2870 ecferre
1026 2808 1080 2871 aut
1106 2806 1279 2887 incomptus

170 2925 238 2972 cum
259 2906 354 2971 fuerit
375 2905 463 2985 scire,
487 2905 558 2988 quia
581 2907 741 2973 lloruicem
755 2909 948 2973 Lucilianum
971 2910 1003 2973 ot
1017 2908 1173 2992 Marsyam
1188 2909 1280 2972 Pom·

136 3009 237 3090 seponi
259 3009 457 3093 obsignatum
480 3009 626 3075 memoria
648 3011 819 3090 continetis
843 3011 915 3093 quia
937 3029 1014 3094 quae
1037 3011 1101 3075 sint
1121 3011 1154 3075 iu
1172 3011 1280 3076 litibus

170 3112 416 3187 constitutiones,
445 3113 519 3193 quot
547 3130 707 3177 causarum
736 3132 862 3196 genera,
892 3115 966 3196 quot
994 3114 1178 3194 dictionum,
1206 3114 1280 3197 quid

169 3212 211 3277 sit
231 3231 339 3297 genus,
360 3213 435 3296 quid
458 3214 582 3296 speciae,
611 3215 786 3298 oppositum
809 3235 827 3280 a
850 3217 999 3282 contrario
1022 3217 1133 3299 quibus
1155 3217 1280 3282 rationi-

169 3317 225 3383 bus
247 3317 464 3400 distinguatur,
491 3316 604 3382 idcirco
626 3335 681 3382 uos
696 3318 890 3384 arbitramini
904 3319 990 3398 scire,
1013 3319 1086 3401 quid
1100 3320 1144 3385 sit
1157 3319 1280 3395 falsum,

202 3519 381 3575 3auimosius
406 3517 469 3586 Sol,
487 3533 517 3571 r:
545 3517 648 3570 animus
668 3517 694 3571 P
716 3519 898 3574 animusiuso
956 3560 957 3563 η
1032 3522 1050 3574 4
1073 3522 1190 3576 stimulis
1213 3522 1282 3578 Sao.-

169 3607 293 3661 stimulus
311 3605 338 3659 P
438 3605 453 3656 ‘l
472 3603 600 3657 carnificis
619 3604 684 3658 Urs.-
709 3604 843 3659 carnifices
861 3605 889 3659 P
991 3607 1121 3677 {lallique
1139 3610 1210 3663 Sob:
1228 3609 1277 3663 ali.

166 3706 246 3761 quem
271 3692 297 3743 P
312 3690 433 3759 aliquer
567 3689 583 3742 9
601 3688 749 3757 aquodam
771 3690 825 3745 Sat
960 3693 1088 3747 lucanam
1109 3695 1230 3765 Quasi.-
1248 3695 1281 3764 of.

164 3782 245 3848 pfl
256 3775 319 3832 adas.
416 3775 447 3827 11
460 3776 622 3842 praeponant
637 3773 702 3827 Get.-
720 3777 906 3843 proponantP
1001 3778 1033 3832 13
1045 3779 1216 3847 quitPcosr

170 3865 203 3918 14
214 3862 368 3918 conditione
383 3860 434 3916 Uro
449 3858 543 3913 aliti?
644 3861 772 3914 maeraP
870 3863 979 3931 lbquit
997 3864 1098 3919 Pcoor
1198 3867 1281 3938 aliud]

167 3949 291 4004 abditum
314 3948 365 4002 Uos
391 3947 476 3999 altum
493 3944 638 3998 Mainalos
664 3945 832 3999 conditum?
951 3949 1119 4020 profundum]
1147 3952 1283 4008 conditum

172 4035 224 4090 Ure
328 4034 359 4088 16
382 4031 513 4100 inseptias
534 4030 561 4083 P
662 4028 695 4082 18
719 4031 871 4087 uibacltatis
894 4034 923 4087 P
936 4049 996 4089 coss
1097 4038 1130 4090 22
1153 4041 1284 4094 structum

172 4121 327 4177 Volaenes.-
355 4120 518 4172 instructum
535 4116 563 4169 P
680 4117 714 4171 23
732 4117 860 4173 efferrec¹
979 4121 1014 4176 24
1031 4121 1198 4176 Lucilianum
1220 4123 1284 4179 Gal:

167 4205 362 4262 luclalinumP
449 4203 482 4256 26
501 4201 609 4270 quodP
690 4203 799 4270 quodP
883 4205 946 4273 quid
964 4207 1149 4275 sitgenusom
1162 4208 1216 4264 aab

160 4293 201 4348 21
219 4292 279 4362 quit
297 4292 434 4346 Pcorroe
453 4289 491 4343 so'c
508 4293 534 4342 et
547 4292 644 4355 posteo

1156 4396 1194 4449 bg*
