2904 4784
119 331 162 396 20
421 328 562 382 Arnobii
586 325 749 382 aduersus
773 326 931 382 nationes

118 520 192 583 quas
214 500 467 565 nostrafulcitur
488 499 572 564 salus
602 500 757 566 uariarum
783 499 996 566 munificentia
1018 499 1238 583 uoluptatum?

118 602 332 668 mundusisto
353 603 384 667 in
407 619 465 684 quo
488 603 616 687 degitis,
645 604 732 669 ouius
754 605 801 669 est
821 605 877 670 aut
898 604 966 685 quis
990 603 1054 668 aius
1076 603 1163 670 uobis
1186 605 1235 668 at

117 706 231 772 tribuit
259 704 395 772 fructum
417 706 695 788 possessionemque
720 688 873 772 retinere?
910 706 995 787 quis,
1025 707 1061 770 ut
1082 705 1235 771 subiectas
1307 696 1312 705 ’

117 829 165 875 res
189 828 326 887 cernere,
349 811 385 873 ut
407 809 609 887 contrectare,
639 809 675 874 ut
697 808 887 875 considerare
908 808 1051 893 possetis,
1075 809 1235 891 publicum

117 914 203 979 istud
224 914 330 979 lumen
352 912 457 978 dedit?
480 913 557 994 quis,
581 932 619 978 ne
640 913 700 978 fixa
714 913 866 996 pigritiae
889 915 1012 994 stupore
1027 913 1234 993 torpescerent
1258 934 1274 972 e

117 1016 268 1081 elementa
297 1016 422 1093 uitalia,
453 1015 526 1080 solis
555 1016 643 1100 ignes
672 1015 837 1081 constituit
859 1016 897 1080 ad
920 1035 1023 1081 rerum
1045 1015 1235 1080 incrementa

116 1118 258 1183 futuros?
285 1119 381 1183 solem
403 1118 494 1183 doum
516 1136 587 1182 cum
610 1136 676 1184 esse
698 1117 845 1196 oresiesis,
868 1117 1057 1184 conditorem
1079 1117 1145 1182 eius
1167 1117 1234 1200 opi·
1293 1102 1296 1111 ⁴

116 1220 263 1302 ficemqne
283 1238 342 1284 non
365 1220 536 1301 qnaeritis?
558 1221 632 1285 luna
654 1238 723 1286 oum
746 1220 827 1303 apud
849 1236 904 1286 uos
925 1220 980 1286 dea
995 1220 1046 1298 sit,
1069 1237 1129 1284 non
1145 1219 1233 1285 simi·

65 1325 189 1395 tolitar
217 1324 294 1388 scire
324 1324 437 1389 curatis
468 1324 590 1409 genitor
616 1325 681 1389 aius
704 1325 735 1388 et
756 1323 921 1389 fabricator
943 1323 1012 1405 quis
1035 1323 1099 1388 sit?
1134 1340 1233 1387 nonne

116 1426 260 1510 cogitatio
282 1444 337 1492 nos
359 1427 444 1493 subit
465 1426 670 1507 considerare,
695 1427 877 1509 disquirere,
900 1425 932 1491 in
955 1426 1023 1491 cuia
1044 1426 1234 1509 possessione
1242 1448 1272 1487 no

114 1529 288 1606 persemini,
312 1530 380 1595 cuia
401 1531 434 1594 in
448 1548 481 1594 re
503 1529 581 1609 sitis,
606 1531 692 1595 cuius
714 1531 777 1596 ista
798 1531 840 1594 sit
862 1548 956 1612 quarn
978 1529 1118 1611 fatigatis
1141 1530 1231 1608 terra,

115 1634 200 1696 euius
232 1650 283 1697 aer
315 1633 372 1697 iste
405 1652 495 1714 quem
523 1633 614 1698 uitali
649 1633 844 1716 reciprocatis
875 1631 1000 1716 spiritu,
1038 1633 1124 1697 cuius
1156 1631 1232 1696 abu·

114 1736 223 1801 tammi
261 1735 410 1814 fontibus,
449 1735 535 1802 ouius
570 1736 703 1818 liquore,
740 1737 808 1818 quis
850 1736 1012 1800 uentorum
1048 1734 1233 1816 disposuerit

42 1850 100 1900 s11
114 1838 253 1918 flamina,
291 1840 360 1921 quis
392 1839 523 1904 undosas
556 1839 774 1923 excogitauerit
791 1877 792 1881 =
812 1839 922 1916 nubes,
957 1838 1025 1919 quis
1067 1834 1231 1923 setminum

19 2025 22 2036 Ι
114 1941 277 2024 frugiferas
299 1943 466 2024 potestates
493 1942 648 2008 rationum
676 1942 863 2025 proprietate
892 1940 1087 2006 distinxerit?
1101 2002 1105 2011 ,
1119 1940 1231 2022 Apollo
1240 1965 1270 2003 aa>

113 2045 200 2110 uobis
222 2045 319 2128 pluit,
342 2045 512 2111 Mercurius
534 2044 622 2111 uobis
643 2045 738 2127 pluit,
767 2044 983 2126 Aesculapius,
1005 2045 1153 2110 Hercules
1176 2044 1232 2109 aut
1262 2100 1267 2105 .

113 2148 214 2213 Diana
243 2148 392 2214 rationem
421 2148 569 2213 imbrium
599 2148 879 2230 tempestatumque
908 2147 1084 2212 finxerunt?
1121 2146 1152 2211 et
1173 2146 1244 2225 hoo,

112 2250 178 2315 fieri
200 2250 252 2331 qui
274 2251 385 2332 potest,
409 2268 479 2315 cum
500 2250 533 2314 in
555 2249 670 2314 mundo
691 2249 897 2333 profiteamini
919 2251 968 2313 eos
984 2249 1072 2314 natos
1088 2250 1231 2330 certoque

112 2356 247 2437 tempore
270 2371 393 2420 sensum
415 2352 585 2435 adripuisse
606 2352 756 2417 nitelam?
778 2352 805 2417 si
828 2352 908 2417 enim
923 2351 1070 2433 temporis
1093 2352 1229 2434 antiqui-

42 2474 44 2480 ·
112 2460 177 2523 tate
210 2457 342 2522 mundus
371 2473 420 2522 eos
453 2455 610 2521 anteuenit
638 2456 669 2520 et
697 2456 875 2537 priusquam
898 2455 963 2520 nati
986 2456 1058 2520 sunt
1086 2455 1150 2520 iam
1173 2472 1268 2518 no-ao

111 2561 199 2625 uerat
220 2558 343 2643 pluuias
358 2559 618 2642 tempestatesque
633 2558 751 2636 natura,
773 2557 896 2622 nullum
911 2557 1007 2622 serius
1022 2559 1088 2623 nati
1102 2557 1228 2641 pluendi

111 2663 160 2727 ius
181 2663 294 2729 habent
320 2680 416 2744 neque
444 2662 488 2726 eis
514 2661 645 2724 inserere
667 2661 836 2726 rationibus
864 2678 896 2725 se
924 2663 1052 2743 possunt
1080 2678 1156 2742 quas
1177 2661 1228 2724 in-

62 2765 98 2828 3Ι
113 2767 261 2830 uenerunt
282 2765 333 2830 hio
355 2764 406 2848 agi
428 2767 459 2830 et
480 2765 595 2829 maiore
617 2764 655 2829 ab
678 2764 799 2829 auctore
827 2764 962 2829 tractari.
1000 2781 1017 2827 o
1039 2763 1186 2841 maxime,
1210 2780 1227 2826 o

112 2887 231 2933 summe
252 2887 354 2934 rerum
377 2867 582 2932 inuisibitium
605 2868 792 2949 procreator,
815 2883 831 2929 o
854 2866 920 2948 ipse
942 2865 1062 2931 inuisus
1084 2868 1116 2930 et
1131 2865 1226 2931 nullis
1345 2870 1346 2874 ’

111 2988 255 3051 umquam
279 2970 480 3054 conprehensa
504 2971 632 3047 naturis,
656 2969 774 3053 dignus,
798 2970 909 3052 dignus
931 2987 962 3033 es
982 2987 1064 3052 uere,
1087 2969 1114 3034 si
1136 2969 1260 3057 medear

1 3154 2 3163 ἵ
80 3086 83 3092 ’
110 3073 141 3136 te
163 3072 291 3157 dignum
321 3072 444 3137 mortali
474 3071 637 3137 dicendum
661 3079 706 3137 est
727 3090 792 3150 ore,
826 3072 875 3136 cui
906 3070 1024 3153 spirans
1055 3073 1154 3137 omnis
1175 3073 1226 3138 in-

110 3175 313 3258 telligensque
339 3177 449 3252 natura
470 3176 501 3240 et
522 3174 634 3240 habere
656 3177 688 3239 et
710 3193 799 3257 agere
820 3193 989 3256 numquam
1013 3175 1132 3240 desinet
1154 3193 1226 3262 gra·

110 3278 179 3356 tias,
202 3279 251 3344 oui
273 3279 340 3342 tota
366 3278 527 3344 conueniat
553 3278 619 3342 uita
647 3296 729 3361 genu
756 3277 826 3342 niro
852 3277 1050 3359 procumbere
1072 3279 1103 3341 et
1126 3278 1223 3342 conti-

17 3455 22 3461 ,
109 3381 210 3446 nuatis
226 3380 366 3464 precibus
376 3380 561 3463 supplicare.
583 3379 685 3462 prima
705 3379 787 3445 enim
802 3380 837 3444 tu
854 3398 945 3444 causa
959 3398 999 3461 es,
1023 3382 1106 3446 locus
1122 3399 1224 3445 rerum

107 3503 144 3549 ao
167 3485 317 3567 spatium,
351 3483 585 3548 fundamentum
614 3483 793 3548 cunctorum
823 3501 1030 3564 quaecumque
1054 3485 1142 3563 sunt,
1176 3483 1263 3573 infre.

141 3827 158 3880 3
183 3827 425 3896 possessionemque
455 3825 567 3878 retinere
595 3823 668 3878 Sat.-
694 3825 896 3893 *possessionem
926 3828 1018 3894 queret
1045 3825 1102 3878 inre
1129 3825 1157 3877 P

106 3914 305 3982 bptgritiaeP
364 3910 367 3914 ’
408 3909 646 3980 'IopificemqucP
747 3913 779 3965 11
798 3911 892 3964 oui²P
994 3912 1027 3964 12
1038 3911 1136 3979 spiritu
1154 3909 1222 3964 Ure.-

106 3999 257 4068 aspirituP
327 3996 331 4002 ’
361 3999 394 4053 15
409 3996 565 4065 potcstatois
578 3995 649 4050 Sub.-
672 3997 851 4065 potcstatisP
953 3997 1155 4051 distincsaritP
1246 4047 1248 4053 ,

107 4085 139 4138 16
157 4085 271 4140 herculis
288 4085 316 4138 P
423 4084 456 4138 18
473 4080 595 4150 certoque
612 4081 639 4135 P
746 4082 778 4136 19
795 4083 970 4151 antiquitate·
983 4084 1011 4136 P
1111 4083 1144 4136 21
1163 4083 1225 4151 plu·

105 4170 164 4224 bias
177 4171 278 4225 Poorr
345 4167 608 4236 tempestatesqueP
675 4166 868 4221 dirutionibus
885 4167 1115 4222 Gatenatiouibus
1128 4168 1155 4222 P

106 4257 140 4310 Ἃ
156 4256 245 4310 iunise
263 4256 313 4309 Gal
415 4253 449 4308 25
466 4253 703 4333 conpraehense‘P
803 4252 837 4306 29
854 4254 991 4322 praecibus
1009 4254 1036 4308 P
1107 4288 1110 4292 -
