2904 4784
661 323 762 378 nicer
784 325 806 379 1
1249 327 1289 393 41

173 497 302 564 saeculis
325 497 481 562 communi
503 500 583 563 esset
604 497 637 563 in
658 497 909 563 sermocinatione
930 501 1034 563 seruat
1091 549 1097 562 .
1132 502 1291 565 ettamen

173 619 190 664 o
212 599 275 678 isti,
299 599 353 682 qui
373 599 508 681 pollutas
530 617 578 665 res
599 602 720 664 nostras
735 600 883 665 uitiorum
905 599 1112 665 criminamini
1133 600 1289 680 foeditate,

174 806 323 870 rabilibus
354 824 414 871 non
440 805 584 871 habetis?
623 824 723 872 noune
756 806 834 872 alias
866 806 940 871 haec
973 806 1055 872 utria
1081 807 1157 871 alias
1186 807 1290 873 dicitis

153 910 227 975 shos
250 912 349 987 utres,
373 910 473 973 caelus
496 912 527 974 et
551 909 684 987 caelum,
714 927 776 974 non
797 910 874 975 item
895 910 995 992 pileus
1018 913 1048 974 et
1070 909 1201 993 pileum,
1229 929 1290 976 non

173 1013 249 1078 item
271 1029 375 1076 crocus
398 1015 429 1075 ct
451 1028 587 1089 crocum,
611 1031 671 1076 non
694 1011 770 1076 item
792 1012 890 1077 fretus
913 1015 943 1076 et
965 1011 1102 1078 fretum?
1130 1030 1189 1077 non
1211 1013 1290 1078 item

174 1116 254 1199 apud
282 1132 336 1180 uos
363 1119 410 1179 est
437 1115 572 1196 positum
603 1114 661 1179 hoo
686 1134 764 1197 pane
787 1119 817 1179 et
839 1116 889 1181 hio
911 1116 1016 1198 panis,
1039 1116 1090 1181 bic
1112 1116 1236 1198 sanguis
1259 1118 1290 1180 et

173 1219 228 1284 hoo
250 1236 401 1302 sanguen,
430 1214 647 1281 candelabrum
670 1219 700 1281 et
721 1217 861 1301 iugulum
891 1217 1008 1283 ratione
1038 1219 1144 1283 eadem
1165 1219 1289 1301 iugulos

173 1325 204 1386 et
226 1318 428 1386 candelaber?
463 1338 535 1384 nam
557 1319 584 1383 si
612 1320 735 1403 singula
766 1321 890 1386 nomina
923 1339 984 1387 non
1016 1324 1144 1404 possunt
1177 1341 1289 1406 genera

139 1423 262 1505 roplura
294 1422 405 1487 habere
438 1440 531 1503 quam
564 1421 686 1506 singula
712 1441 810 1504 neque
832 1424 938 1488 eadem
959 1425 1087 1505 possunt
1109 1423 1200 1487 buius
1224 1441 1288 1487 esse

173 1525 291 1609 generis
313 1524 469 1604 atiniae,
491 1542 586 1606 genus
609 1524 691 1588 enim
713 1525 844 1589 transire
866 1543 961 1607 genus
983 1524 1016 1588 in
1039 1525 1173 1589 alterum
1198 1522 1202 1610 1
1227 1536 1370 1590 11611161»

172 1631 288 1709 potest,
313 1630 378 1691 tam
399 1630 505 1708 peccat
528 1627 580 1708 qui
604 1646 715 1710 genera
736 1626 906 1693 masculina
928 1626 1085 1691 femininis
1109 1627 1289 1710 pronuntiat

172 1731 291 1815 legibus
314 1750 407 1813 quam
421 1729 459 1794 ab
475 1748 508 1795 eo
523 1735 666 1812 peccatur
689 1731 742 1812 qui
758 1730 902 1796 articulos
924 1731 1107 1795 masculinos
1132 1732 1288 1797 femininis

172 1833 335 1916 generibus
358 1832 525 1914 anteponit.
564 1833 649 1913 atqui
678 1852 732 1897 uos
755 1833 959 1915 conspicimus
982 1835 1012 1896 et
1034 1851 1081 1897 res
1103 1834 1288 1900 masculinas

139 1937 319 2002 rcfeminine
334 1938 366 2000 et
381 1935 529 2000 femineas
553 1935 724 2000 masculine
747 1939 777 2000 et
800 1955 874 2017 quas
897 1954 961 2000 esse
985 1936 1089 2001 dicitis
1111 1942 1235 2002 neutras
1258 1942 1288 2002 et

171 2039 225 2103 illo
241 2041 272 2103 et
287 2040 343 2102 hoc
357 2039 447 2101 modo
463 2037 528 2102 siue
542 2038 608 2102 ulla
623 2037 802 2103 discretione
818 2039 1001 2121 depromere.
1022 2043 1076 2102 aut
1091 2039 1188 2123 igitur
1203 2041 1289 2104 nulla

173 2145 219 2207 est
247 2142 337 2222 culpa
363 2139 572 2205 indifferenter
598 2141 647 2205 his
676 2141 723 2205 uti
749 2143 779 2205 et
808 2141 1287 2207 1116116166(116111666166616-

171 2262 292 2309 morum
313 2244 501 2310 obscenitate
523 2244 682 2319 deformes,
704 2246 758 2306 aut
781 2243 807 2307 si
830 2246 947 2307 certum
971 2247 1017 2308 est
1040 2243 1164 2326 singula
1178 2243 1288 2325 quibus

173 2348 301 2411 debeant
333 2346 507 2412 rationibus
536 2345 696 2427 explicari,
731 2345 763 2409 in
785 2345 939 2409 similibus
972 2344 1059 2408 uitiis
1088 2362 1142 2409 uos
1170 2363 1288 2426 quoque

137 2449 353 2526 souersamini,
382 2448 522 2529 quamuis
545 2448 694 2528 Epicados
716 2464 835 2526 omnes,
869 2445 1031 2511 Caesellios
1054 2447 1175 2511 Verrics
1198 2446 1287 2511 Scau-

172 2569 220 2615 ros
242 2551 372 2615 teneatis
402 2553 432 2615 et
461 2550 562 2614 Nisos.
598 2550 651 2614 sed
680 2550 707 2613 si
737 2550 825 2627 deus,
856 2550 1016 2631 inquiunt,
1035 2548 1106 2613 'fuit
1136 2549 1336 2625 Christustt

173 2674 226 2719 our
247 2653 346 2718 forma
368 2656 414 2717 est
436 2653 468 2716 in
496 2653 628 2717 hominis
657 2653 742 2716 uisus
771 2655 801 2716 et
829 2671 882 2717 our
903 2670 986 2716 more
1009 2655 1055 2716 661
1083 2653 1286 2733 interemptus

172 2757 327 2822 humano?
348 2776 387 2822 an
409 2756 500 2819 aliter
521 2756 622 2836 potuit
644 2754 809 2819 inuisibilis
831 2754 886 2818 illa
908 2755 955 2818 uis
978 2759 1008 2818 et
1030 2754 1145 2818 babens
1168 2754 1286 2820 nullam

173 2858 379 2924 substantiam
401 2859 588 2940 corporalem
609 2856 720 2922 inferre
743 2861 774 2921 61
796 2858 987 2921 commodare
1009 2875 1040 2920 se
1062 2856 1191 2935 mundo,
1215 2876 1289 2922 oon-

136 2983 164 3024 ac
174 2962 252 3026 ciliis
278 2961 423 3034 interesse
451 2960 645 3037 mortalium,
676 2977 770 3040 quam
792 2962 827 3022 ut
848 2959 973 3041 aliquod
995 2962 1117 3040 tegmen
1138 2960 1287 3023 materiae

173 3064 323 3130 solidioris
345 3064 527 3144 adsumeret,
551 3063 631 3144 quod
653 3061 809 3126 oculorum
824 3063 990 3143 susciperet
1011 3062 1159 3126 iniectum
1182 3066 1212 3126 et
1234 3063 1287 3128 ubi

174 3185 204 3230 se
216 3166 307 3250 figere
319 3167 523 3232 inertissimae
534 3167 637 3248 posset
648 3165 915 3248 contemplationis
926 3166 1077 3230 obtutus?
1093 3167 1161 3247 quis
1174 3167 1288 3230 etenim

206 3389 222 3442 2
239 3387 372 3452 foeditate,
391 3385 567 3454 stribiligines
585 3386 820 3440 Elmcaborete'rre:
838 3386 980 3440 foeditates
999 3386 1178 3456 stribiligines
1190 3389 1218 3441 P
1234 3387 1288 3440 foe-

174 3471 270 3527 ditates
289 3473 426 3540 expuerit
443 3489 464 3538 c,
483 3487 526 3525 om
543 3472 598 3525 Sub
709 3471 810 3525 duliae
828 3471 981 3525 Heroides:
999 3472 1068 3526 alius
1086 3474 1120 3538 P,
1145 3473 1197 3527 Ure
1214 3473 1288 3527 aliud

96 3619 100 3628 „
173 3559 267 3620 61161
369 3559 438 3612 alias
454 3557 610 3611 Heroides:
628 3557 702 3610 aliud
720 3559 747 3611 P
763 3557 832 3610 alius
856 3558 908 3611 Urs
1010 3558 1128 3627 bpileus
1141 3559 1287 3613 Pitbocroc:

173 3644 244 3698 filius
256 3645 284 3698 P
299 3644 362 3698 filus
373 3645 430 3698 Sub
531 3643 632 3712 pileum
650 3644 793 3697 Pithoeus:
811 3642 897 3696 filium
912 3644 939 3696 P
955 3643 1030 3696 filum
1049 3644 1103 3698 Sob
1205 3645 1220 3698 i
1239 3661 1287 3698 uos

173 3730 241 3785 Sub:
258 3730 364 3799 quosP
464 3745 558 3798 panem
576 3731 602 3781 P
617 3745 678 3783 corr
785 3731 811 3782 et
829 3735 893 3782 orote
911 3728 959 3782 hoc
976 3745 1018 3782 om
1037 3730 1091 3783 Sub
1193 3731 1287 3784 86611·

171 3833 240 3885 guen
258 3817 328 3871 Sub:
350 3832 477 3885 sanguem
495 3816 532 3882 (m
545 3816 615 3882 crae)
630 3814 656 3867 P
759 3816 790 3867 11
802 3816 940 3882 genuseP
1041 3816 1073 3868 13
1090 3815 1212 3869 foeminis
1231 3817 1286 3870 Sub

172 3917 232 3955 corr
248 3903 280 3956 o'rr
298 3917 342 3958 err
444 3901 477 3954 14
494 3895 689 3954 uosSobrnos
706 3901 733 3953 P
833 3910 873 3960 ÷
890 3900 921 3953 ia
938 3916 1005 3970 mgr
1110 3901 1142 3953 15
1159 3899 1285 3954 feminine

170 3987 226 4041 odd
248 3988 298 4042 Gal
415 3986 576 4041 masculinae
593 3987 620 4041 P
739 3984 873 4039 16111οΡ
991 3985 1025 4038 20
1044 3984 1082 4036 ·R·
1101 3985 1132 4038 c'oo
1149 4001 1217 4054 mpc
1334 4055 1336 4061 Α

171 4072 298 4142 Epicados
310 4073 375 4128 Gal.-
393 4073 493 4141 epicam
510 4073 570 4127 deos
582 4071 610 4125 P
706 4071 815 4126 Scauros
827 4070 899 4124 Sub:
916 4086 1037 4123 ascaums
1050 4070 1078 4123 P
1177 4071 1211 4125 26
1224 4089 1283 4124 sus·

170 4159 267 4211 tineret
285 4159 336 4215 Ure
436 4158 470 4211 27
487 4157 662 4211 inertissimae
685 4157 751 4213 Ure:
769 4155 950 4224 ineptissimae
966 4157 994 4210 P
1094 4157 1192 4210 etenim
1213 4157 1282 4212 Urs.-

170 4249 212 4299 est
229 4245 299 4299 enim
317 4246 345 4299 P
367 4245 475 4299 enirn?
