2904 4784
129 356 168 420 12
435 354 576 408 Arnobii
597 354 758 409 aduersus
782 355 936 409 nationes

63 532 65 539 ’
126 527 292 592 admodum
310 527 392 592 enim
413 545 462 592 res
485 527 537 611 agi
559 529 590 592 et
611 546 707 609 usque
727 529 768 592 ad
789 528 846 592 hoc
867 530 989 609 tempus
1010 546 1106 611 genus
1129 528 1247 610 quisset
1352 604 1353 612 ἵ

126 631 236 694 durare
254 629 444 710 mortalium,
466 629 494 694 si
515 647 575 694 non
590 631 695 695 omnia
716 649 793 712 quae
818 648 891 695 usus
905 631 989 696 uitae
1014 632 1152 712 posceret
1173 632 1246 695 sub-

78 733 315 806 15ministrarot
348 733 491 798 fertilitas
522 737 646 798 rerum?
676 735 729 798 sed
756 733 882 797 fuerunt
909 732 1071 816 quuando
1099 733 1246 800 nonnulla

125 835 157 898 in
179 835 413 900 necessitatibus
435 836 588 919 tempora:
612 837 643 900 et
657 836 793 922 relaxata
814 838 888 900 suut
910 836 1109 901 abundantiis
1124 854 1244 912 rursus3

125 938 230 1002 contra
258 937 453 1003 uoluntatem
481 940 631 1021 quaedam
659 939 741 1004 bella
774 940 1004 1005 administrata:
1042 940 1073 1003 et
1105 939 1280 1005 uictoriiss

124 1039 318 1121 postmodum
334 1041 582 1124 successibusque
605 1046 748 1108 correcta.
777 1043 851 1124 quid
874 1061 954 1126 ergo,
978 1042 1114 1107 dicemus
1134 1042 1244 1107 iniuri-

64 1198 66 1204 .
123 1160 212 1206 arum
238 1142 412 1208 nostrarum
438 1144 509 1208 deos
536 1144 626 1209 modo
653 1162 804 1210 memores
832 1165 898 1210 esse
923 1143 1013 1208 modo
1043 1163 1107 1210 esse
1139 1163 1244 1210 rursus

123 1245 340 1311 immemores?
376 1247 403 1311 si
431 1267 489 1329 quo
522 1248 659 1331 tempore
689 1247 786 1313 fames
817 1249 863 1312 est
892 1247 964 1312 irati
994 1265 1059 1312 esse
1089 1247 1243 1330 dicuntur,

122 1349 261 1428 sequitur
281 1351 317 1413 ut
332 1348 537 1416 abundantiae
557 1351 693 1432 tempore
713 1350 787 1415 irati
802 1351 834 1415 et
849 1350 997 1415 difficiles
1013 1367 1074 1414 non
1092 1351 1172 1416 sint:
1195 1352 1243 1415 at-

122 1469 180 1532 que
202 1452 248 1517 ita
262 1453 438 1533 perducitur
457 1463 506 1518 res
526 1471 560 1517 eo
582 1454 618 1518 ut
632 1452 753 1518 uicibus
774 1453 902 1519 ludicris
923 1454 955 1517 et
974 1452 1088 1536 ponant
1110 1454 1142 1518 et
1156 1472 1277 1535 repe-10

121 1554 192 1617 tant
212 1554 274 1619 iras
296 1557 327 1621 et
349 1556 383 1619 in
404 1557 559 1640 integnrm
581 1576 613 1623 se
635 1575 755 1638 semper
775 1556 976 1621 offensionum
993 1587 1010 1620 a
1035 1557 1243 1622 recordatione

75 1656 295 1736 parastituant.
331 1677 515 1742 quamquam
542 1661 626 1726 istud
653 1661 733 1743 quod
755 1659 870 1725 dicitur
892 1659 981 1741 quale
1003 1660 1046 1724 sit
1068 1659 1242 1740 explicabili

121 1776 181 1823 non
219 1763 321 1843 potest
359 1763 611 1844 conprehensione
644 1763 791 1846 cognosci.
846 1761 874 1844 si
906 1752 1095 1826 Alamannos
1132 1762 1241 1827 Persas

121 1859 250 1944 Scythas
272 1863 385 1930 idcirco
407 1866 572 1930 uoluerunt
595 1865 724 1943 deuinci‚
747 1867 827 1947 quod
849 1849 1026 1930 habitarent
1045 1864 1076 1928 et
1096 1863 1242 1947 degerent

120 1964 152 2028 in
176 1983 281 2032 eorum
301 1968 446 2050 gentibus
461 1968 645 2035 Christiani:
668 1969 924 2051 quemadmodum
939 1968 1086 2033 Romanis
1107 1967 1274 2031 tribueres

120 2068 291 2148 uictoriam,
314 2090 384 2137 cum
406 2073 579 2138 habitarent
602 2074 632 2136 et
653 2072 800 2158 degerent
821 2073 974 2136 incorum
996 2088 1115 2152 quoque
1136 2070 1241 2153 genti-

53 2171 178 2241 ccrbus
199 2171 391 2239 Christiani?
424 2175 452 2240 si
473 2175 506 2239 in
527 2175 616 2250 Asia,
646 2174 733 2258 Syria
754 2174 866 2239 idcirco
888 2191 990 2238 mures
1020 2174 1052 2237 et
1079 2173 1213 2238 locustas
1232 2173 1237 2259 1

120 2274 312 2341 efferuescere
326 2277 539 2361 prodigialiter
551 2277 726 2355 uoluerunt,
749 2277 826 2358 quod
850 2275 968 2341 ratione
983 2275 1135 2340 consimili
1150 2276 1239 2341 habi-

119 2379 276 2444 tarentin
297 2397 402 2445 eorum
424 2379 568 2464 gentibus
591 2378 773 2444 Christiani:
807 2378 840 2442 in
861 2378 1028 2459 Hispania,
1059 2378 1163 2446 Callia
1186 2397 1239 2443 cur

120 2468 225 2546 eodem
246 2483 382 2565 tempore
403 2483 512 2548 horum
535 2483 614 2546 nihil
636 2484 744 2546 natum
759 2482 816 2559 est,
839 2499 909 2546 cum
928 2481 1082 2546 innumeri
1096 2481 1273 2547 cunerontoo

120 2583 153 2648 in
174 2584 223 2650 his
245 2602 364 2666 quoque
385 2585 551 2666 prouinciis
573 2584 762 2650 Christiani?
799 2584 826 2648 si
855 2586 935 2665 apud
957 2585 1115 2662 Gaetulos,
1132 2587 1152 2664 †
1168 2603 1238 2648 cum

120 2688 279 2768 aquitanos
312 2688 404 2752 huius
432 2688 478 2752 rei
504 2707 594 2753 causa
621 2688 793 2753 siccitatem
822 2687 896 2751 satis
919 2687 1154 2768 ariditatemque
1176 2687 1237 2751 mi·

119 2792 234 2868 serunt,
258 2809 291 2854 eo
313 2810 392 2856 anuo
415 2809 468 2855 cur
488 2808 601 2855 messes
623 2790 831 2873 amplissimas
853 2790 971 2855 Mauris
986 2788 1237 2871 Nomadibusque
1348 2813 1349 2816 ¹

118 2894 311 2973 tribuerunt,
344 2913 414 2959 cum
436 2894 543 2976 religio
565 2892 679 2958 similis
701 2892 750 2957 his
773 2911 892 2974 quoque
913 2893 946 2956 in
967 2891 1142 2974 regionibus
1164 2911 1235 2957 uer·

118 2997 258 3062 teretur?
292 2997 319 3062 si
339 2997 373 3062 in
395 2986 522 3061 ciuitate
544 2994 745 3076 unaqualibet
758 2994 848 3059 ¹fame
862 2993 1011 3077 plurimos
1027 2993 1124 3058 emori
1139 2995 1235 3059 nostri
1246 3013 1271 3052 a

118 3100 251 3165 nominis
273 3100 432 3165 auersione
454 3098 601 3176 fecerunt,
624 3117 678 3162 cur
700 3097 817 3162 ibidem
839 3097 1003 3162 annonaria
1024 3096 1154 3162 caritate
1175 3115 1235 3162 non

118 3203 242 3266 tantum
265 3202 397 3285 corporis
425 3221 485 3267 non
513 3201 611 3265 nostri
640 3219 748 3264 uerum
776 3200 870 3265 etiam
893 3197 1080 3264 Christianos
1108 3199 1256 3293 ditiores

119 3309 150 3371 et
172 3305 429 3387 locupletissimos
450 3303 669 3369 reddiderunt?
703 3304 758 3368 aut
779 3303 876 3387 igitur
899 3303 1002 3368 cuncti
1015 3302 1096 3367 nihil
1117 3303 1235 3368 laetum

152 3596 167 3647 1
186 3593 288 3662 quisset
304 3593 415 3662 scripsi.-
436 3593 497 3661 quis
516 3593 543 3647 P
565 3591 612 3660 qui
629 3591 727 3658 Sabe
749 3591 838 3660 quiret
859 3591 912 3664 Urs
1017 3593 1034 3646 2
1052 3592 1144 3646 durare
1168 3591 1233 3646 Urs:

117 3681 224 3733 duraret
242 3681 269 3732 P
377 3680 451 3732 uitae
468 3678 686 3733 chcssczeamcs:
706 3679 737 3731 ut
756 3678 784 3731 P
801 3693 843 3732 om
861 3677 916 3732 Sub
1026 3677 1044 3730 4
1061 3680 1090 3732 at
1113 3677 1166 3732 Urs

116 3764 325 3820 abundantibP
391 3764 571 3819 abundantiis.
583 3780 675 3817 rursus
686 3770 750 3818 autc
762 3764 982 3817 Kluasmaaaum
1050 3764 1108 3819 dat
1124 3763 1176 3818 Urs

116 3852 234 3905 mecona
252 3851 280 3905 P
379 3850 492 3904 Clamis
510 3851 537 3904 P
554 3865 615 3905 corr
719 3837 760 3904 '10
775 3841 898 3905 ludricris
910 3850 938 3904 P
953 3865 1017 3904 corr
1128 3849 1160 3902 11
1178 3865 1233 3926 sese

115 3953 162 4006 per
187 3937 361 3991 offensionum
387 3936 595 3991 recordationem
618 3936 670 3990 Ura
777 3941 841 4004 post
866 3935 1038 3988 offensionum
1063 3935 1233 3990 intermisse

115 4024 248 4098 uidemw
271 4040 341 4078 nunc
358 4027 433 4076 uenia
451 4038 521 4076 nunc
538 4023 583 4076 ael
593 4022 694 4076 amilio
796 4021 829 4074 13
840 4021 1003 4075 aliamannos
1016 4021 1043 4075 P
1054 4037 1115 4075 corr
1132 4022 1232 4075 Alanos

120 4108 174 4163 Ure
309 4109 343 4163 14
359 4111 447 4177 scytes
466 4111 493 4162 P
628 4108 660 4161 17
678 4107 817 4162 christiani
834 4106 901 4170 Sub,
920 4123 950 4159 r:
973 4107 1164 4162 christianisP

114 4194 149 4249 21
167 4197 271 4262 getulos
289 4196 317 4249 P
401 4197 460 4247 tum
477 4193 625 4261 Aquitanos
643 4192 699 4255 Sub
711 4197 743 4246 'et
760 4193 918 4262 Tingitanos
941 4193 993 4247 Ure
1084 4193 1119 4246 25
1136 4193 1234 4246 semori

114 4279 142 4333 P
159 4297 221 4335 corr
323 4280 357 4333 28
374 4277 439 4334 laeti
458 4278 514 4333 Sub
