2904 4784
661 336 759 391 Liber
777 336 798 391 1.
1244 339 1287 405 25

167 511 280 595 dignus
302 509 431 575 anobis
460 510 506 575 est
535 510 693 576 tantomm
715 509 754 575 ob
776 528 938 575 munerum
967 511 1100 593 gratiam
1130 512 1205 576 deus
1225 510 1285 576 dici

167 615 302 696 deusque
324 613 457 678 sentiri?
488 613 516 678 si
538 613 621 678 enim
642 630 697 678 uos
719 613 874 691 bibemm,
904 616 982 694 quod
1006 632 1097 678 usum
1118 616 1285 698 reppererit

168 715 295 793 uini-si
317 715 399 799 qnod
419 715 517 796 panis,
541 713 689 792 Cererem,
713 716 740 781 si
754 715 982 798 Aesculapium,
1006 717 1085 797 quod
1110 714 1284 794 herbarum,

168 819 407 896 sillineruam,
441 819 521 900 quod
554 818 652 896 oleae,
687 819 713 884 si
736 817 974 901 Triptolemum,
1010 821 1086 900 quod
1116 822 1229 900 aratri,
1259 820 1286 885 ei

147 923 299 1004 sdeniqua
324 921 499 1000 Herculem,
522 920 602 1003 quod
624 922 712 1000 ferae,
737 921 817 1003 quod
839 922 931 1001 iures,
960 923 1039 1004 quod
1061 922 1284 1005 multiplicium

168 1025 307 1107 capitum
328 1024 485 1107 superauit
506 1023 741 1108 conpescuitque
762 1024 900 1101 natrices,
924 1023 1066 1089 diuomm
1081 1026 1229 1090 retulistis
1253 1027 1285 1090 in

169 1144 307 1193 censum:
330 1126 493 1192 honoribus
516 1128 639 1209 quantis
661 1126 845 1192 adficiendus
868 1129 915 1193 est
933 1127 1029 1206 nobis,
1053 1129 1106 1209 qui
1120 1128 1158 1194 ab
1174 1128 1284 1193 errori·

169 1231 226 1295 bus
248 1247 303 1296 noe
324 1229 448 1314 magnis
469 1230 624 1295 insinuata
651 1230 784 1295 ueritate
811 1230 964 1307 traduxit,
998 1230 1050 1311 qui
1073 1231 1161 1296 uelut
1181 1248 1284 1296 caecos

168 1334 283 1416 passim
304 1351 341 1398 ac
363 1332 428 1397 sine
449 1332 513 1397 ullo
535 1334 649 1398 rectore
670 1329 858 1417 graldientes
886 1332 923 1397 ab
946 1332 1097 1416 deruptis,
1125 1334 1164 1399 ab
1186 1333 1358 1398 demisere

112 1436 242 1500 uelocis
269 1435 460 1518 planioribus
490 1434 640 1512 reddidit,
669 1434 737 1517 qui,
766 1435 846 1517 quod
868 1433 1051 1518 frugiferum
1072 1437 1171 1519 primo
1193 1438 1284 1519 atque

170 1539 300 1604 humano
322 1540 425 1624 generi
447 1540 588 1615 salutare,
611 1539 686 1602 deus
707 1537 896 1602 monstrauit
918 1538 990 1619 quid
1012 1538 1063 1615 eit,
1086 1539 1164 1620 quis,
1188 1558 1284 1621 quan-

170 1644 220 1706 tus
242 1644 273 1706 et
295 1640 404 1723 qualis,
428 1642 481 1723 qui
497 1639 660 1724 profundae
675 1640 739 1704 eius
754 1640 845 1722 atque
861 1640 1077 1709 inenarrabiles
1092 1642 1282 1721 altitudines,

170 1746 318 1827 quantum
340 1745 446 1808 nostra
473 1743 576 1826 quiuit
597 1741 805 1821 mediocritas,
835 1761 941 1826 capere
962 1745 994 1808 et
1015 1744 1193 1828 intellegere
1214 1764 1284 1828 per-

171 1847 254 1912 misit
282 1846 315 1910 et
342 1846 459 1922 docuit,
489 1846 542 1927 qui
565 1861 623 1927 quo
646 1848 785 1923 auctore,
814 1864 873 1927 quo
899 1846 987 1928 patre
1008 1847 1139 1912 mundus
1161 1846 1221 1912 iste
1243 1849 1285 1913 sit

142 1967 164 2008 a
172 1949 355 2014 constitutus
378 1949 409 2013 et
431 1947 580 2026 conditus,
604 1946 677 2012 fecit
699 1947 919 2032 benignissime
936 1948 1017 2027 seiri,
1041 1948 1093 2030 qui
1108 1950 1284 2017 natiuitatis

172 2052 233 2115 eius
262 2051 449 2134 exprompsit
480 2069 576 2134 genus
605 2051 636 2115 et
662 2051 778 2115 nullius
806 2051 968 2133 aliquando
998 2052 1169 2135 cognitione
1197 2073 1284 2135 prae·

172 2155 326 2237 sumptam
347 2153 510 2219 materiam
531 2153 632 2231 illius,
663 2153 743 2218 unde
772 2153 896 2236 ignibus
919 2154 992 2219 solis
1015 2155 1160 2239 genitalis
1184 2155 1285 2223 feruor

172 2257 321 2335 adscitus,
346 2275 398 2321 cur
420 2257 494 2320 luna
516 2274 635 2340 semper
656 2256 689 2320 in
710 2256 811 2332 motu,
842 2256 977 2321 isdemne
999 2257 1067 2338 quis
1090 2259 1224 2324 creditur
1245 2279 1284 2326 an

171 2359 240 2424 aliis
262 2358 360 2424 causis
382 2359 483 2424 lucem
512 2377 630 2440 semper
658 2359 750 2440 atque
778 2359 995 2424 obscuritatem
1024 2378 1188 2440 resumens,
1218 2364 1285 2427 ani·

139 2463 298 2528 ramalium
325 2464 410 2547 origo
438 2463 599 2546 quaesit,
633 2461 765 2527 rationes
793 2480 868 2543 quas
895 2461 1028 2527 habeant
1050 2464 1181 2541 semina,
1215 2465 1285 2546 quis

169 2564 270 2648 ipsum
292 2565 413 2630 finxerit
435 2565 605 2643 hominem,
634 2565 703 2646 quis
725 2564 899 2649 informarit
928 2563 978 2651 uel
1000 2583 1036 2630 ex
1057 2566 1204 2631 materiae
1225 2585 1284 2648 quo

169 2685 278 2750 genere
300 2668 558 2734 oonstmctionem
579 2669 678 2750 ipsam
701 2667 928 2733 confirmauerit
949 2684 1122 2750 corporum,
1146 2669 1220 2751 quid
1243 2671 1285 2735 sit

170 2789 289 2849 sensus,
317 2771 391 2854 quid
413 2771 528 2848 anima,
557 2770 749 2836 aduolaritne
772 2774 810 2835 ad
831 2786 885 2835 nos
913 2771 1020 2852 sponte
1048 2790 1088 2836 an
1117 2791 1188 2837 cum
1208 2775 1284 2855 ipsis

169 2875 236 2938 sata
262 2874 304 2938 sit
331 2875 363 2939 et
394 2874 551 2954 procreata
582 2873 778 2951 uisceribus,
798 2873 907 2938 mortis
938 2875 1088 2957 particeps
1102 2897 1107 2909 ¹
1120 2877 1213 2960 degat
1245 2896 1283 2943 an

138 2976 401 3058 aiumortalitatis
429 2976 635 3059 perpetuitate
657 2977 769 3042 donata
790 2976 846 3055 sit,
875 2977 928 3058 qui
951 2978 1050 3042 status
1073 2996 1127 3043 nos
1148 2981 1282 3060 maneat,

169 3098 238 3144 cum
264 3079 422 3144 dissolutis
449 3079 616 3145 abierimus
644 3080 844 3157 emembris,
878 3079 1014 3145 uisurine
1035 3094 1089 3146 nos
1120 3081 1216 3148 simus
1245 3103 1283 3148 an

170 3184 348 3248 memoriam
370 3183 488 3247 nullam
508 3183 605 3248 nostri
629 3200 735 3247 sensus
757 3184 789 3247 et
810 3182 1027 3248 recordationis
1048 3183 1192 3248 habituri.
1230 3186 1283 3267 qui

202 3403 220 3456 3
242 3418 370 3458 caererem
387 3404 415 3458 P
549 3403 566 3457 4
587 3402 732 3456 minerbam
756 3404 784 3457 P
800 3418 861 3458 corr
997 3404 1085 3458 elaeae
1109 3404 1136 3458 P
1152 3420 1215 3459 coro·

168 3488 359 3557 Triptolemum
380 3489 445 3543 Gal.-
469 3489 655 3557 treptolemnm
673 3489 701 3542 P
719 3489 921 3558 Neoptolemum
939 3489 993 3544 Sub
1131 3491 1146 3544 7
1165 3492 1280 3560 censum]

168 3577 269 3628 coetum
282 3573 358 3629 Sob'
423 3576 483 3630 9ab
496 3575 616 3643 deruptis
631 3575 657 3628 P
742 3576 773 3628 11
786 3575 889 3643 generis
902 3575 929 3628 P
1008 3578 1040 3630 16
1052 3577 1205 3645 cognitione
1219 3576 1283 3632 cer.-

168 3660 325 3728 cognatione
334 3660 362 3714 P
428 3663 625 3730 praesumptam
637 3661 776 3714 materiam
788 3661 852 3714 Gel:
864 3665 1063 3730 praesumptum
1074 3663 1186 3715 materia
1195 3662 1222 3716 P

169 3745 201 3799 18
218 3744 334 3799 adscitus
352 3747 504 3817 Ripalto'ue:
526 3745 642 3799 adscitur
661 3747 688 3799 P
704 3747 859 3801 adsciscitur
877 3747 928 3801 Ure
1030 3749 1059 3800 in
1077 3749 1162 3816 motu]
1179 3748 1208 3801 in
1226 3765 1283 3801 mu·

167 3832 222 3885 tuis
240 3830 315 3885 Sabo
415 3831 531 3886 isdemne
549 3831 609 3899 quis
627 3831 743 3884 creditur
764 3831 1030 3886 Vablerruarisdem.
1049 3833 1130 3901 (idem
1148 3836 1220 3901 corr)
1239 3850 1284 3887 ne·

168 3916 227 3984 quis
244 3917 361 3970 creditur
372 3918 399 3970 P
415 3917 485 3971 idem
502 3932 534 3969 ne
552 3916 611 3984 quis
629 3916 745 3970 creditur
758 3915 812 3970 Sub
830 3916 961 3970 indemnis
979 3917 1093 3971 ereditur
1109 3918 1161 3972 Gal
1179 3917 1283 3974 idemne

166 4001 238 4056 orbis
261 4002 381 4057 redditur
403 4002 456 4056 Ure
482 4001 522 4069 (in
539 4002 649 4070 mutuis)
672 4000 774 4054 damnis
796 4017 825 4055 ec
853 4004 991 4056 crementis
1010 4002 1086 4057 Soleo
1111 4003 1178 4057 ideis
1204 4005 1282 4060 nouis

167 4088 284 4143 comitur
294 4089 436 4142 Meursr'ue
521 4103 555 4141 an
566 4087 628 4141 aliia
636 4088 746 4155 sampsi.-
764 4087 922 4142 animalibus
936 4088 963 4141 P
974 4088 1133 4142 annualibus
1146 4090 1222 4145 Saloe

166 4173 201 4226 20
222 4173 256 4227 eit
273 4174 301 4227 P
401 4173 517 4228 habeant
540 4174 610 4228 Sub:
640 4173 739 4227 habent
757 4172 784 4226 P
883 4173 918 4226 22
936 4173 1137 4228 conformarent
1161 4175 1212 4230 Urs

166 4256 412 4324 marcueratis?
505 4258 642 4313 'uictorine
661 4258 715 4314 Sub
817 4259 900 4312 aimus
919 4257 986 4314 Sat.-
1004 4260 1141 4314 sumusP
