2904 4784
674 368 773 423 Liber
790 370 811 423 l.
1077 406 1080 426 .
1259 376 1297 440 17

176 540 349 623 impietatis
370 542 404 606 et
424 540 579 626 sacrilegii
600 541 701 624 plena,
724 542 1121 634 caerimoniasautiquitus
1135 545 1296 612 institutas

176 642 326 709 nouitatis
353 661 425 708 suae
452 643 667 727 superstitione
694 644 929 710 contaminans?
964 644 1087 711 hoccine
1114 649 1162 711 est
1183 651 1345 730 quaesott

175 744 276 811 audax
297 745 376 812 illud
397 746 518 811 lacinus
540 745 730 825 etiumaue,
760 747 987 830 propterquod
1015 747 1142 813 maximi
1172 750 1296 815 caelites

178 847 184 933 Ι
209 849 331 914 aculeos
363 847 398 912 in
424 865 479 913 uos
506 847 671 914 intendunt
696 849 814 914 irarum
840 850 932 932 atque
965 849 1210 935 indignationum
1243 871 1352 924 suae

156 969 279 1030 sarum,
312 951 545 1034 propterquod
575 971 629 1020 uos
658 952 732 1034 ipsi,
766 970 837 1017 oum
869 952 966 1019 hhido
998 953 1157 1019 incesserit
1192 972 1294 1034 saeua,

176 1053 288 1118 exuitis
309 1070 364 1119 nos
386 1054 484 1133 bonis,
506 1054 716 1121 exterminatis
731 1055 839 1137 patriis
858 1053 991 1132 sedibus,
1013 1055 1161 1140 inrogatis
1178 1057 1295 1139 suppli-

175 1156 223 1220 cia
251 1157 413 1239 capitalia,
439 1158 589 1240 torquetis
625 1157 797 1222 dilaceratis
833 1158 958 1224 exuritis
995 1162 1027 1223 et
1052 1160 1091 1224 ad
1124 1159 1292 1224 extremum

175 1277 230 1324 nos
255 1258 329 1325 feris
354 1260 387 1324 et
412 1260 571 1326 beluarum
593 1261 761 1326 laniatibus
783 1261 968 1327 obiectatiea
998 1261 1135 1344 quisquis
1157 1262 1239 1327 istud
1261 1260 1294 1326 in

175 1362 264 1427 nobis
286 1361 413 1428 damnat
435 1365 489 1429 aut
511 1362 544 1427 in
572 1363 676 1445 aliqua
703 1363 790 1428 ducit
812 1363 1027 1430 criminatione
1056 1363 1243 1446 ponendum,
1266 1363 1294 1430 is

144 1467 230 1533 ioout
258 1458 380 1530 nomihe
409 1465 611 1549 appellandus
640 1467 686 1530 est
714 1466 863 1543 hominis,
896 1467 1038 1548 quamuis
1067 1466 1121 1532 ille
1150 1467 1293 1532 rideatur

176 1567 248 1648 sibi,
271 1567 327 1632 aut
349 1569 423 1632 deus
445 1585 510 1633 esse
532 1569 697 1633 credendus
720 1573 780 1646 est,
807 1562 949 1649 quamdis
970 1569 1037 1651 ipse
1059 1588 1092 1634 se
1115 1587 1180 1633 esse
1207 1569 1293 1634 mille

174 1669 353 1752 profiteatur
374 1670 407 1734 in
430 1669 576 1735 uatibus?
611 1669 754 1751 profanos
777 1687 841 1748 nos,
870 1669 981 1754 impios
1002 1671 1182 1736 Dodonaeus
1205 1674 1259 1736 aut
1277 1709 1291 1738 1

174 1772 315 1854 luppiter
334 1772 487 1854 nominat,
510 1773 541 1837 et
562 1771 627 1855 ipse
650 1772 767 1838 dicetur
788 1773 862 1838 deus
885 1774 977 1855 atque
998 1774 1030 1838 in
1051 1773 1156 1839 ordine
1179 1790 1292 1856 conpu-

174 1874 292 1940 tabitur
321 1874 498 1956 numinum,
535 1874 588 1957 qui
614 1876 669 1939 aut
698 1893 818 1940 summo
848 1874 1053 1941 seruientibus
1082 1876 1147 1959 regi
1177 1877 1290 1940 crimen

143 2006 165 2042 11
174 1977 342 2060 impietatis
364 1977 497 2062 adfingit
517 1978 572 2042 aut
596 1976 656 2042 sihi
670 1979 832 2060 torquetur
853 1978 1047 2044 maiestatem
1069 1978 1134 2043 eius
1157 1978 1291 2044 cultum-

174 2098 231 2161 que
252 2080 418 2163 prseponi?
440 2080 548 2146 Delius
562 2060 674 2161 Apoll‘o
694 2079 746 2144 uel
771 2078 900 2159 Clarius,
924 2080 1113 2163 Didymaeus
1137 2080 1291 2146 Philesius

172 2183 305 2266 Pythius
320 2185 341 2263 †
357 2183 437 2248 ethis
458 2181 615 2247 habendus
637 2181 763 2247 diuinus
786 2183 840 2259 est,
865 2183 917 2264 qui
940 2183 994 2247 out
1015 2202 1171 2248 summum
1193 2184 1290 2267 impe-

172 2287 303 2351 ratorem
326 2285 425 2350 nescit
446 2287 501 2350 aut
521 2285 643 2368 ignorat
665 2305 683 2349 a
705 2285 792 2350 nobis
819 2285 983 2350 cotidianis
1003 2286 1033 2354 ei
1053 2287 1194 2368 precibus
1217 2305 1289 2368 sup-

170 2388 302 2470 plicari?
324 2389 377 2471 qui
399 2388 426 2452 si
446 2390 605 2470 pectorum
632 2389 748 2452 secreta
773 2388 904 2453 nesciret
932 2406 988 2453 nec
1013 2389 1087 2469 quid
1112 2389 1144 2453 in
1169 2389 1289 2453 intimis

139 2491 312 2560 rosensibus
334 2490 545 2556 contineamus
567 2491 753 2574 agnosceret,
777 2499 933 2556 summum
954 2492 1059 2555 tamen
1072 2491 1213 2556 inuocare
1235 2511 1288 2557 nos

170 2596 262 2660 deum
284 2596 316 2660 et
337 2590 432 2660 abeo
454 2596 534 2676 quod
561 2594 753 2677 postulamus
776 2611 860 2658 orare
882 2595 932 2658 uel
953 2594 1077 2658 auribus
1095 2594 1197 2676 potuit
1211 2595 1288 2659 scire

171 2696 220 2761 uel
243 2697 341 2780 ipsius
368 2696 452 2761 uocis
479 2714 551 2761 sono
574 2715 634 2778 qua
663 2696 831 2789 utimurqin
853 2696 993 2780 precibus
1020 2697 1179 2763 noscitare.
1212 2705 1336 2768 non-ti

171 2798 246 2864 dum
273 2799 320 2863 est
346 2799 431 2863 locus
463 2799 499 2862 ut
526 2797 727 2881 explicemus,
760 2814 864 2882 omnes
896 2798 951 2863 isti
978 2799 1031 2881 qui
1058 2816 1112 2864 nos
1140 2798 1287 2866 damnant

171 2902 223 2982 qui
245 2902 308 2966 sint
329 2904 380 2967 uel
401 2902 481 2966 unde
507 2900 580 2979 sint,
603 2901 756 2982 quantum
780 2900 901 2983 possint
926 2901 975 2966 uel
1001 2903 1149 2981 nouerint,
1173 2921 1226 2967 our
1247 2903 1286 2967 ad

138 3030 162 3070 11
171 3002 286 3069 Christi
314 3005 448 3087 paveant
476 3003 678 3081 mentionem,
711 3002 876 3086 discipulos
906 3023 960 3069 cur
982 3005 1047 3070 eius
1069 3004 1209 3079 inimicos
1231 3007 1285 3071 ho·

170 3106 265 3172 beant
287 3107 317 3170 et
339 3107 470 3171 inuisos:
493 3106 573 3187 quod
598 3108 703 3171 tamen
727 3105 896 3171 humanum
922 3107 1136 3190 pollicentibus
1162 3127 1285 3173 sensum

171 3229 231 3274 una
251 3209 371 3291 pariter
399 3208 576 3274 definitione
604 3208 751 3293 figamus:
779 3208 860 3273 nihil
882 3228 990 3288 sumus
1012 3211 1097 3276 aliud
1120 3210 1285 3276 Christiani

171 3313 230 3377 nisi
262 3313 411 3395 magistro
439 3311 559 3378 Christo
594 3311 707 3377 summi
734 3312 816 3396 regis
843 3331 879 3377 ao
900 3313 1047 3396 principis
1076 3315 1283 3394 ueneratores3

174 3414 179 3498 Ι
204 3415 296 3493 nihil,
331 3416 357 3478 si
390 3416 574 3492 consideres,
609 3415 693 3479 aliud
726 3416 862 3498 inuenies
889 3417 922 3480 in
953 3417 1015 3482 ista
1041 3417 1187 3502 religione
1214 3436 1352 3488 uer-rer>

204 3686 389 3740 loarimouias
402 3686 501 3740 Pcorr
575 3686 711 3740 dersuitis
724 3687 751 3741 P
818 3703 866 3740 nos
879 3687 1053 3743 SadenonP
1125 3691 1286 3744 8uel¹¹arum

170 3773 268 3826 Pcorr
366 3772 479 3827 10haud
493 3773 547 3826 Soh
644 3773 761 3827 numinis
780 3773 830 3828 Urs
930 3774 960 3827 11
972 3774 1043 3830 haud
1056 3773 1112 3829 eoo
1211 3775 1286 3828 mille

171 3857 260 3911 Solon:
288 3858 401 3925 similem
428 3862 454 3911 P
588 3859 621 3911 12
646 3858 770 3927 profanos
803 3858 869 3913 Urs.-
904 3860 1041 3928 prodamus
1067 3860 1094 3912 P
1121 3860 1285 3929 Trophonius

171 3944 299 3998 Pithoeus
402 3945 449 3998 aut
462 3944 557 4012 impios
570 3943 726 3999 Dodoueeus
744 3945 796 4001 Urs
887 3945 1019 4001 dodoueus
1032 3947 1059 4000 P
1160 3946 1285 4000 loouoaom

169 4031 293 4099 sipnooi:
311 4030 479 4093 aliod‘Iowa's
490 4045 636 4099 copoomeoa
647 4031 817 4085 intercidisse
829 4031 941 4086 uidetur
1033 4033 1065 4085 16
1077 4033 1180 4101 appollo
1190 4034 1218 4086 P

169 4115 315 4168 didimaeus
339 4116 367 4168 P
498 4115 603 4171 'salesius
626 4116 653 4169 P
789 4118 820 4172 17
844 4120 871 4171 et
894 4118 918 4170 is
941 4117 997 4172 Soh
1013 4119 1044 4171 in
1062 4134 1122 4172 err:
1140 4135 1285 4189 copcomeoa

169 4201 308 4269 Apollinis
321 4200 484 4269 (Smintheus
502 4200 526 4269 i)
539 4201 623 4255 latere
634 4203 756 4270 suspicor
852 4203 886 4256 23
897 4204 963 4257 istos
976 4202 1030 4257 Sat
1126 4204 1161 4260 25
1170 4204 1285 4258 habeant

172 4285 242 4340 Sub.-
260 4284 397 4340 hshentP
499 4287 530 4340 27
549 4285 657 4341 ficamus
671 4287 698 4341 P
715 4303 776 4342 corr
879 4287 948 4342 aliut
965 4289 992 4343 P
1009 4304 1070 4343 corr

269 4388 316 4444 IV.
1170 4398 1192 4450 ‘h
