<?xml version="1.0" encoding="UTF-8"?>
<!DOCTYPE html PUBLIC "-//W3C//DTD XHTML 1.0 Transitional//EN"
    "http://www.w3.org/TR/xhtml1/DTD/xhtml1-transitional.dtd">
<html xmlns="http://www.w3.org/1999/xhtml" xml:lang="en" lang="en">
 <head>
  <title>
</title>
<meta http-equiv="Content-Type" content="text/html;charset=utf-8" />
  <meta name='ocr-system' content='tesseract 3.04.00' />
  <meta name='ocr-capabilities' content='ocr_page ocr_carea ocr_par ocr_line ocrx_word'/>
</head>
<body>
  <div class='ocr_page' id='page_1' title='image "arnobiiadversus00arnogoog_0044.png"; bbox 0 0 2904 4784; ppageno 0'>
   <div class='ocr_carea' id='block_1_1' title="bbox 670 331 1299 398">
    <p class='ocr_par' dir='ltr' id='par_1_1' title="bbox 670 331 1299 398">
     <span class='ocr_line' id='line_1_1' title="bbox 670 331 1299 398; baseline 0.002 -13"><span class='ocrx_word' id='word_1_1' title='bbox 670 331 808 387; x_wconf 72' lang='lat' dir='ltr'><strong>tiberi</strong></span> <span class='ocrx_word' id='word_1_2' title='bbox 1260 335 1299 398; x_wconf 84' lang='lat'><strong>19</strong></span> 
     </span>
    </p>
   </div>
   <div class='ocr_carea' id='block_1_2' title="bbox 98 502 1379 3682">
    <p class='ocr_par' dir='ltr' id='par_1_2' title="bbox 98 502 1379 3682">
     <span class='ocr_line' id='line_1_2' title="bbox 174 502 1296 587; baseline 0.001 -18"><span class='ocrx_word' id='word_1_3' title='bbox 174 504 217 569; x_wconf 89' lang='lat' dir='ltr'><strong>lis</strong></span> <span class='ocrx_word' id='word_1_4' title='bbox 245 502 433 569; x_wconf 79' lang='lat' dir='ltr'>sublimibus</span> <span class='ocrx_word' id='word_1_5' title='bbox 463 504 537 568; x_wconf 92' lang='lat' dir='ltr'><strong>sunt</strong></span> <span class='ocrx_word' id='word_1_6' title='bbox 567 505 649 569; x_wconf 87' lang='lat' dir='ltr'><strong>elata</strong></span> <span class='ocrx_word' id='word_1_7' title='bbox 679 503 828 587; x_wconf 76' lang='lat' dir='ltr'><strong>fastigiis:</strong></span> <span class='ocrx_word' id='word_1_8' title='bbox 866 504 958 568; x_wconf 88' lang='lat' dir='ltr'><strong>silent</strong></span> <span class='ocrx_word' id='word_1_9' title='bbox 992 503 1105 569; x_wconf 79' lang='lat' dir='ltr'>inrisae</span> <span class='ocrx_word' id='word_1_10' title='bbox 1134 505 1296 570; x_wconf 87' lang='lat' dir='ltr'><strong>numinum</strong></span> 
     </span>
     <span class='ocr_line' id='line_1_3' title="bbox 172 604 1297 699; baseline 0.003 -28"><span class='ocrx_word' id='word_1_11' title='bbox 172 606 345 690; x_wconf 88' lang='lat' dir='ltr'><strong>potestates</strong></span> <span class='ocrx_word' id='word_1_12' title='bbox 378 624 432 672; x_wconf 90' lang='lat' dir='ltr'><strong>nee</strong></span> <span class='ocrx_word' id='word_1_13' title='bbox 465 606 562 672; x_wconf 84' lang='lat' dir='ltr'><strong>boore</strong></span> <span class='ocrx_word' id='word_1_14' title='bbox 580 605 773 699; x_wconf 78' lang='lat' dir='ltr'><strong>¹afficiuntur</strong></span> <span class='ocrx_word' id='word_1_15' title='bbox 800 606 879 682; x_wconf 92' lang='lat' dir='ltr'><strong>ullo,</strong></span> <span class='ocrx_word' id='word_1_16' title='bbox 913 610 993 689; x_wconf 92' lang='lat' dir='ltr'><strong>quod</strong></span> <span class='ocrx_word' id='word_1_17' title='bbox 1025 604 1092 671; x_wconf 70' lang='lat' dir='ltr'><strong>sibi&#39;</strong></span> <span class='ocrx_word' id='word_1_18' title='bbox 1107 610 1297 690; x_wconf 86' lang='lat' dir='ltr'><strong>comparatas</strong></span> 
     </span>
     <span class='ocr_line' id='line_1_4' title="bbox 177 709 1297 794; baseline -0.001 -19"><span class='ocrx_word' id='word_1_19' title='bbox 177 709 385 776; x_wconf 89' lang='lat' dir='ltr'><strong>animantium</strong></span> <span class='ocrx_word' id='word_1_20' title='bbox 413 709 525 774; x_wconf 88' lang='lat' dir='ltr'><strong>uilium</strong></span> <span class='ocrx_word' id='word_1_21' title='bbox 555 709 748 794; x_wconf 88' lang='lat' dir='ltr'><strong>conspiciunt</strong></span> <span class='ocrx_word' id='word_1_22' title='bbox 776 710 966 776; x_wconf 87' lang='lat' dir='ltr'><strong>sanctitates.</strong></span> <span class='ocrx_word' id='word_1_23' title='bbox 1004 709 1091 776; x_wconf 91' lang='lat' dir='ltr'><strong>nobis</strong></span> <span class='ocrx_word' id='word_1_24' title='bbox 1119 709 1194 775; x_wconf 92' lang='lat' dir='ltr'><strong>solis</strong></span> <span class='ocrx_word' id='word_1_25' title='bbox 1223 714 1297 775; x_wconf 88' lang='lat' dir='ltr'><strong>sunt</strong></span> 
     </span>
     <span class='ocr_line' id='line_1_5' title="bbox 176 812 1296 896; baseline 0 -18"><span class='ocrx_word' id='word_1_26' title='bbox 176 812 312 892; x_wconf 86' lang='lat' dir='ltr'><strong>inimici,</strong></span> <span class='ocrx_word' id='word_1_27' title='bbox 343 813 429 878; x_wconf 90' lang='lat' dir='ltr'><strong>nobis</strong></span> <span class='ocrx_word' id='word_1_28' title='bbox 458 814 617 895; x_wconf 77' lang='lat' dir='ltr'><strong>asperrimi</strong></span> <span class='ocrx_word' id='word_1_29' title='bbox 648 812 690 877; x_wconf 91' lang='lat' dir='ltr'><strong>dii</strong></span> <span class='ocrx_word' id='word_1_30' title='bbox 721 813 840 896; x_wconf 89' lang='lat' dir='ltr'><strong>hostes,</strong></span> <span class='ocrx_word' id='word_1_31' title='bbox 872 813 945 896; x_wconf 91' lang='lat' dir='ltr'><strong>quia</strong></span> <span class='ocrx_word' id='word_1_32' title='bbox 973 815 1092 896; x_wconf 87' lang='lat' dir='ltr'><strong>patrem</strong></span> <span class='ocrx_word' id='word_1_33' title='bbox 1114 830 1296 878; x_wconf 86' lang='lat' dir='ltr'><strong>ueneremur</strong></span> 
     </span>
     <span class='ocr_line' id='line_1_6' title="bbox 154 915 1294 998; baseline -0.002 -16"><span class='ocrx_word' id='word_1_34' title='bbox 154 915 320 994; x_wconf 76' lang='lat' dir='ltr'><strong>eillorum,</strong></span> <span class='ocrx_word' id='word_1_35' title='bbox 351 934 405 997; x_wconf 90' lang='lat' dir='ltr'><strong>per</strong></span> <span class='ocrx_word' id='word_1_36' title='bbox 427 934 532 998; x_wconf 88' lang='lat' dir='ltr'><strong>quem,</strong></span> <span class='ocrx_word' id='word_1_37' title='bbox 567 916 595 980; x_wconf 92' lang='lat' dir='ltr'><strong>si</strong></span> <span class='ocrx_word' id='word_1_38' title='bbox 617 918 706 994; x_wconf 90' lang='lat' dir='ltr'><strong>sunt,</strong></span> <span class='ocrx_word' id='word_1_39' title='bbox 740 934 806 981; x_wconf 90' lang='lat' dir='ltr'><strong>esse</strong></span> <span class='ocrx_word' id='word_1_40' title='bbox 828 919 858 981; x_wconf 88' lang='lat' dir='ltr'><strong>et</strong></span> <span class='ocrx_word' id='word_1_41' title='bbox 880 915 991 982; x_wconf 91' lang='lat' dir='ltr'><strong>babere</strong></span> <span class='ocrx_word' id='word_1_42' title='bbox 1020 916 1225 981; x_wconf 77' lang='lat' dir='ltr'><strong>substantiam</strong></span> <span class='ocrx_word' id='word_1_43' title='bbox 1247 918 1294 980; x_wconf 91' lang='lat' dir='ltr'><strong>sui</strong></span> 
     </span>
     <span class='ocr_line' id='line_1_7' title="bbox 175 1005 1296 1104; baseline 0 -20"><span class='ocrx_word' id='word_1_44' title='bbox 175 1005 315 1084; x_wconf 77' lang='lat' dir='ltr'><strong>nnmims</strong></span> <span class='ocrx_word' id='word_1_45' title='bbox 345 1019 575 1102; x_wconf 87' lang='lat' dir='ltr'><strong>maiestatisque</strong></span> <span class='ocrx_word' id='word_1_46' title='bbox 602 1019 779 1104; x_wconf 83' lang='lat' dir='ltr'><strong>coeperunt,</strong></span> <span class='ocrx_word' id='word_1_47' title='bbox 814 1037 913 1102; x_wconf 90' lang='lat' dir='ltr'><strong>aquo</strong></span> <span class='ocrx_word' id='word_1_48' title='bbox 942 1021 1042 1103; x_wconf 80' lang='lat' dir='ltr'><strong>ipsam</strong></span> <span class='ocrx_word' id='word_1_49' title='bbox 1064 1019 1227 1096; x_wconf 78' lang='lat' dir='ltr'><strong>deitatem,</strong></span> <span class='ocrx_word' id='word_1_50' title='bbox 1261 1021 1296 1084; x_wconf 92' lang='lat' dir='ltr'><strong>ut</strong></span> 
     </span>
     <span class='ocr_line' id='line_1_8' title="bbox 174 1121 1294 1207; baseline -0.001 -19"><span class='ocrx_word' id='word_1_51' title='bbox 174 1123 222 1188; x_wconf 85' lang='lat' dir='ltr'><strong>ita</strong></span> <span class='ocrx_word' id='word_1_52' title='bbox 244 1123 363 1200; x_wconf 66' lang='lat' dir='ltr'><strong>dicam</strong></span> <span class='ocrx_word' id='word_1_53' title='bbox 394 1121 497 1187; x_wconf 88' lang='lat' dir='ltr'><strong>sortiti</strong></span> <span class='ocrx_word' id='word_1_54' title='bbox 521 1141 586 1187; x_wconf 88' lang='lat' dir='ltr'><strong>esse</strong></span> <span class='ocrx_word' id='word_1_55' title='bbox 608 1122 785 1188; x_wconf 89' lang='lat' dir='ltr'><strong>sentiuntur</strong></span> <span class='ocrx_word' id='word_1_56' title='bbox 807 1125 839 1188; x_wconf 89' lang='lat' dir='ltr'><strong>et</strong></span> <span class='ocrx_word' id='word_1_57' title='bbox 860 1124 893 1188; x_wconf 88' lang='lat' dir='ltr'><strong>in</strong></span> <span class='ocrx_word' id='word_1_58' title='bbox 915 1142 1020 1188; x_wconf 89' lang='lat' dir='ltr'><strong>rerum</strong></span> <span class='ocrx_word' id='word_1_59' title='bbox 1042 1140 1167 1188; x_wconf 87' lang='lat' dir='ltr'><strong>numero</strong></span> <span class='ocrx_word' id='word_1_60' title='bbox 1189 1140 1294 1207; x_wconf 86' lang='lat' dir='ltr'><strong>recog·</strong></span> 
     </span>
     <span class='ocr_line' id='line_1_9' title="bbox 175 1225 1296 1306; baseline 0 -16"><span class='ocrx_word' id='word_1_61' title='bbox 175 1227 360 1306; x_wconf 87' lang='lat' dir='ltr'><strong>noscuntur,</strong></span> <span class='ocrx_word' id='word_1_62' title='bbox 390 1225 476 1290; x_wconf 91' lang='lat' dir='ltr'><strong>cuius</strong></span> <span class='ocrx_word' id='word_1_63' title='bbox 498 1225 659 1291; x_wconf 88' lang='lat' dir='ltr'><strong>uoluntate</strong></span> <span class='ocrx_word' id='word_1_64' title='bbox 681 1227 712 1291; x_wconf 91' lang='lat' dir='ltr'><strong>et</strong></span> <span class='ocrx_word' id='word_1_65' title='bbox 734 1225 862 1291; x_wconf 87' lang='lat' dir='ltr'><strong>arbitrio</strong></span> <span class='ocrx_word' id='word_1_66' title='bbox 885 1227 916 1291; x_wconf 91' lang='lat' dir='ltr'><strong>et</strong></span> <span class='ocrx_word' id='word_1_67' title='bbox 938 1225 1066 1291; x_wconf 88' lang='lat' dir='ltr'><strong>interire</strong></span> <span class='ocrx_word' id='word_1_68' title='bbox 1088 1226 1119 1290; x_wconf 90' lang='lat' dir='ltr'><strong>et</strong></span> <span class='ocrx_word' id='word_1_69' title='bbox 1140 1226 1219 1291; x_wconf 92' lang='lat' dir='ltr'><strong>solui</strong></span> <span class='ocrx_word' id='word_1_70' title='bbox 1241 1244 1296 1290; x_wconf 88' lang='lat' dir='ltr'><strong>neo</strong></span> 
     </span>
     <span class='ocr_line' id='line_1_10' title="bbox 175 1329 1295 1414; baseline -0.001 -19"><span class='ocrx_word' id='word_1_71' title='bbox 175 1330 266 1403; x_wconf 89' lang='lat' dir='ltr'><strong>solui</strong></span> <span class='ocrx_word' id='word_1_72' title='bbox 286 1329 415 1414; x_wconf 83' lang='lat' dir='ltr'><strong>possunt</strong></span> <span class='ocrx_word' id='word_1_73' title='bbox 442 1347 499 1394; x_wconf 90' lang='lat' dir='ltr'><strong>nec</strong></span> <span class='ocrx_word' id='word_1_74' title='bbox 527 1329 675 1395; x_wconf 83' lang='lat' dir='ltr'><strong>interire?</strong></span> <span class='ocrx_word' id='word_1_75' title='bbox 712 1347 784 1394; x_wconf 87' lang='lat' dir='ltr'><strong>nam</strong></span> <span class='ocrx_word' id='word_1_76' title='bbox 806 1331 833 1394; x_wconf 90' lang='lat' dir='ltr'><strong>si</strong></span> <span class='ocrx_word' id='word_1_77' title='bbox 856 1347 959 1394; x_wconf 91' lang='lat' dir='ltr'><strong>omnes</strong></span> <span class='ocrx_word' id='word_1_78' title='bbox 982 1329 1176 1394; x_wconf 75' lang='lat' dir='ltr'><strong>possedimus</strong></span> <span class='ocrx_word' id='word_1_79' title='bbox 1199 1348 1295 1394; x_wconf 89' lang='lat' dir='ltr'><strong>unum</strong></span> 
     </span>
     <span class='ocr_line' id='line_1_11' title="bbox 136 1432 1295 1517; baseline 0.005 -25"><span class='ocrx_word' id='word_1_80' title='bbox 136 1451 242 1499; x_wconf 71' lang='lat' dir='ltr'><strong>roesse</strong></span> <span class='ocrx_word' id='word_1_81' title='bbox 264 1432 433 1517; x_wconf 89' lang='lat' dir='ltr'><strong>prinoipem</strong></span> <span class='ocrx_word' id='word_1_82' title='bbox 456 1433 571 1511; x_wconf 89' lang='lat' dir='ltr'><strong>solum,</strong></span> <span class='ocrx_word' id='word_1_83' title='bbox 596 1452 686 1516; x_wconf 91' lang='lat' dir='ltr'><strong>quem</strong></span> <span class='ocrx_word' id='word_1_84' title='bbox 709 1432 797 1498; x_wconf 90' lang='lat' dir='ltr'><strong>nulla</strong></span> <span class='ocrx_word' id='word_1_85' title='bbox 819 1451 867 1498; x_wconf 90' lang='lat' dir='ltr'><strong>res</strong></span> <span class='ocrx_word' id='word_1_86' title='bbox 889 1432 951 1497; x_wconf 87' lang='lat' dir='ltr'><strong>alia</strong></span> <span class='ocrx_word' id='word_1_87' title='bbox 973 1434 1128 1498; x_wconf 89' lang='lat' dir='ltr'><strong>uetustate</strong></span> <span class='ocrx_word' id='word_1_88' title='bbox 1151 1433 1295 1515; x_wconf 88' lang='lat' dir='ltr'><strong>temporis</strong></span> 
     </span>
     <span class='ocr_line' id='line_1_12' title="bbox 175 1535 1294 1618; baseline -0.004 -16"><span class='ocrx_word' id='word_1_89' title='bbox 175 1536 353 1614; x_wconf 77' lang='lat' dir='ltr'><strong>antecedat,</strong></span> <span class='ocrx_word' id='word_1_90' title='bbox 384 1535 568 1618; x_wconf 84' lang='lat' dir='ltr'><strong>pastillum</strong></span> <span class='ocrx_word' id='word_1_91' title='bbox 590 1554 711 1602; x_wconf 89' lang='lat' dir='ltr'><strong>necesse</strong></span> <span class='ocrx_word' id='word_1_92' title='bbox 734 1538 782 1601; x_wconf 91' lang='lat' dir='ltr'><strong>est</strong></span> <span class='ocrx_word' id='word_1_93' title='bbox 804 1538 913 1602; x_wconf 90' lang='lat' dir='ltr'><strong>cuncta</strong></span> <span class='ocrx_word' id='word_1_94' title='bbox 937 1539 968 1601; x_wconf 89' lang='lat' dir='ltr'><strong>et</strong></span> <span class='ocrx_word' id='word_1_95' title='bbox 990 1537 1062 1602; x_wconf 88' lang='lat' dir='ltr'><strong>nata</strong></span> <span class='ocrx_word' id='word_1_96' title='bbox 1084 1554 1150 1601; x_wconf 91' lang='lat' dir='ltr'><strong>esse</strong></span> <span class='ocrx_word' id='word_1_97' title='bbox 1171 1536 1204 1600; x_wconf 92' lang='lat' dir='ltr'><strong>et</strong></span> <span class='ocrx_word' id='word_1_98' title='bbox 1224 1552 1294 1617; x_wconf 91' lang='lat' dir='ltr'><strong>pro-</strong></span> 
     </span>
     <span class='ocr_line' id='line_1_13' title="bbox 174 1638 1307 1722; baseline -0.002 -18"><span class='ocrx_word' id='word_1_99' title='bbox 174 1638 243 1704; x_wconf 89' lang='lat' dir='ltr'><strong>dita</strong></span> <span class='ocrx_word' id='word_1_100' title='bbox 265 1639 296 1704; x_wconf 95' lang='lat' dir='ltr'><strong>et</strong></span> <span class='ocrx_word' id='word_1_101' title='bbox 317 1638 351 1704; x_wconf 91' lang='lat' dir='ltr'><strong>in</strong></span> <span class='ocrx_word' id='word_1_102' title='bbox 373 1638 421 1704; x_wconf 91' lang='lat' dir='ltr'><strong>sui</strong></span> <span class='ocrx_word' id='word_1_103' title='bbox 444 1640 577 1704; x_wconf 89' lang='lat' dir='ltr'><strong>nominis</strong></span> <span class='ocrx_word' id='word_1_104' title='bbox 599 1640 778 1722; x_wconf 84' lang='lat' dir='ltr'><strong>prosiluisse</strong></span> <span class='ocrx_word' id='word_1_105' title='bbox 804 1641 957 1704; x_wconf 88' lang='lat' dir='ltr'><strong>naturam.</strong></span> <span class='ocrx_word' id='word_1_106' title='bbox 995 1639 1075 1721; x_wconf 91' lang='lat' dir='ltr'><strong>quod</strong></span> <span class='ocrx_word' id='word_1_107' title='bbox 1098 1640 1124 1702; x_wconf 92' lang='lat' dir='ltr'><strong>si</strong></span> <span class='ocrx_word' id='word_1_108' title='bbox 1146 1638 1242 1703; x_wconf 87' lang='lat' dir='ltr'><strong>fixum</strong></span> <span class='ocrx_word' id='word_1_109' title='bbox 1264 1640 1307 1714; x_wconf 78' lang='lat' dir='ltr'><strong>et¹</strong></span> 
     </span>
     <span class='ocr_line' id='line_1_14' title="bbox 173 1741 1293 1824; baseline -0.004 -16"><span class='ocrx_word' id='word_1_110' title='bbox 173 1744 281 1808; x_wconf 87' lang='lat' dir='ltr'><strong>ratum</strong></span> <span class='ocrx_word' id='word_1_111' title='bbox 304 1744 359 1821; x_wconf 91' lang='lat' dir='ltr'><strong>est,</strong></span> <span class='ocrx_word' id='word_1_112' title='bbox 384 1742 442 1806; x_wconf 92' lang='lat' dir='ltr'><strong>erit</strong></span> <span class='ocrx_word' id='word_1_113' title='bbox 464 1742 550 1807; x_wconf 91' lang='lat' dir='ltr'><strong>nobis</strong></span> <span class='ocrx_word' id='word_1_114' title='bbox 574 1760 758 1824; x_wconf 88' lang='lat' dir='ltr'><strong>consequens</strong></span> <span class='ocrx_word' id='word_1_115' title='bbox 779 1742 917 1808; x_wconf 89' lang='lat' dir='ltr'><strong>confiteri</strong></span> <span class='ocrx_word' id='word_1_116' title='bbox 940 1744 970 1807; x_wconf 92' lang='lat' dir='ltr'><strong>et</strong></span> <span class='ocrx_word' id='word_1_117' title='bbox 993 1741 1064 1807; x_wconf 89' lang='lat' dir='ltr'><strong>deos</strong></span> <span class='ocrx_word' id='word_1_118' title='bbox 1083 1759 1148 1807; x_wconf 88' lang='lat' dir='ltr'><strong>esse</strong></span> <span class='ocrx_word' id='word_1_119' title='bbox 1172 1742 1293 1806; x_wconf 90' lang='lat' dir='ltr'><strong>natiuos</strong></span> 
     </span>
     <span class='ocr_line' id='line_1_15' title="bbox 175 1844 1294 1929; baseline -0.004 -18"><span class='ocrx_word' id='word_1_120' title='bbox 175 1848 208 1911; x_wconf 91' lang='lat' dir='ltr'><strong>ot</strong></span> <span class='ocrx_word' id='word_1_121' title='bbox 230 1865 249 1911; x_wconf 91' lang='lat' dir='ltr'><strong>a</strong></span> <span class='ocrx_word' id='word_1_122' title='bbox 269 1845 407 1929; x_wconf 89' lang='lat' dir='ltr'><strong>principe</strong></span> <span class='ocrx_word' id='word_1_123' title='bbox 435 1865 537 1910; x_wconf 88' lang='lat' dir='ltr'><strong>rerum</strong></span> <span class='ocrx_word' id='word_1_124' title='bbox 565 1844 649 1911; x_wconf 85' lang='lat' dir='ltr'><strong>fonte</strong></span> <span class='ocrx_word' id='word_1_125' title='bbox 676 1848 761 1910; x_wconf 89' lang='lat' dir='ltr'><strong>ortus</strong></span> <span class='ocrx_word' id='word_1_126' title='bbox 788 1847 837 1909; x_wconf 92' lang='lat' dir='ltr'><strong>sui</strong></span> <span class='ocrx_word' id='word_1_127' title='bbox 865 1846 1013 1929; x_wconf 88' lang='lat' dir='ltr'><strong>originem</strong></span> <span class='ocrx_word' id='word_1_128' title='bbox 1035 1845 1153 1910; x_wconf 89' lang='lat' dir='ltr'><strong>ducere.</strong></span> <span class='ocrx_word' id='word_1_129' title='bbox 1191 1845 1294 1926; x_wconf 89' lang='lat' dir='ltr'><strong>quisi</strong></span> 
     </span>
     <span class='ocr_line' id='line_1_16' title="bbox 134 1947 1292 2033; baseline 0 -23"><span class='ocrx_word' id='word_1_130' title='bbox 134 1973 166 2012; x_wconf 72' lang='grc' dir='ltr'><strong>,ιι</strong></span> <span class='ocrx_word' id='word_1_131' title='bbox 175 1949 249 2014; x_wconf 91' lang='lat' dir='ltr'><strong>sunt</strong></span> <span class='ocrx_word' id='word_1_132' title='bbox 262 1949 363 2015; x_wconf 87' lang='lat' dir='ltr'><strong>natiui</strong></span> <span class='ocrx_word' id='word_1_133' title='bbox 379 1949 411 2013; x_wconf 91' lang='lat' dir='ltr'><strong>et</strong></span> <span class='ocrx_word' id='word_1_134' title='bbox 425 1949 532 2032; x_wconf 91' lang='lat' dir='ltr'><strong>geniti,</strong></span> <span class='ocrx_word' id='word_1_135' title='bbox 555 1950 587 2013; x_wconf 91' lang='lat' dir='ltr'><strong>et</strong></span> <span class='ocrx_word' id='word_1_136' title='bbox 600 1948 832 2014; x_wconf 89' lang='lat' dir='ltr'><strong>interitionibus</strong></span> <span class='ocrx_word' id='word_1_137' title='bbox 847 1949 953 2033; x_wconf 88' lang='lat' dir='ltr'><strong>ntique</strong></span> <span class='ocrx_word' id='word_1_138' title='bbox 968 1949 1172 2030; x_wconf 80' lang='lat' dir='ltr'><strong>periculisque</strong></span> <span class='ocrx_word' id='word_1_139' title='bbox 1188 1947 1292 2012; x_wconf 79' lang='lat' dir='ltr'><strong>uicim.</strong></span> 
     </span>
     <span class='ocr_line' id='line_1_17' title="bbox 175 2051 1294 2134; baseline 0 -17"><span class='ocrx_word' id='word_1_140' title='bbox 175 2052 208 2117; x_wconf 91' lang='lat' dir='ltr'><strong>at</strong></span> <span class='ocrx_word' id='word_1_141' title='bbox 237 2051 320 2117; x_wconf 86' lang='lat' dir='ltr'><strong>enim</strong></span> <span class='ocrx_word' id='word_1_142' title='bbox 349 2069 413 2116; x_wconf 86' lang='lat' dir='ltr'><strong>csse</strong></span> <span class='ocrx_word' id='word_1_143' title='bbox 442 2052 608 2118; x_wconf 89' lang='lat' dir='ltr'><strong>ereduntur</strong></span> <span class='ocrx_word' id='word_1_144' title='bbox 634 2052 824 2116; x_wconf 88' lang='lat' dir='ltr'><strong>immortales</strong></span> <span class='ocrx_word' id='word_1_145' title='bbox 856 2053 996 2134; x_wconf 89' lang='lat' dir='ltr'><strong>perpetui</strong></span> <span class='ocrx_word' id='word_1_146' title='bbox 1025 2052 1056 2116; x_wconf 90' lang='lat' dir='ltr'><strong>et</strong></span> <span class='ocrx_word' id='word_1_147' title='bbox 1082 2051 1197 2117; x_wconf 89' lang='lat' dir='ltr'><strong>nullius</strong></span> <span class='ocrx_word' id='word_1_148' title='bbox 1225 2071 1294 2117; x_wconf 91' lang='lat' dir='ltr'><strong>uru-</strong></span> 
     </span>
     <span class='ocr_line' id='line_1_18' title="bbox 173 2153 1294 2240; baseline 0.001 -21"><span class='ocrx_word' id='word_1_149' title='bbox 173 2174 270 2238; x_wconf 90' lang='lat' dir='ltr'><strong>quam</strong></span> <span class='ocrx_word' id='word_1_150' title='bbox 292 2153 459 2239; x_wconf 86' lang='lat' dir='ltr'><strong>participes</strong></span> <span class='ocrx_word' id='word_1_151' title='bbox 481 2154 561 2220; x_wconf 88' lang='lat' dir='ltr'><strong>finis.</strong></span> <span class='ocrx_word' id='word_1_152' title='bbox 599 2173 670 2240; x_wconf 90' lang='lat' dir='ltr'><strong>ergo</strong></span> <span class='ocrx_word' id='word_1_153' title='bbox 693 2155 777 2220; x_wconf 88' lang='lat' dir='ltr'><strong>istud</strong></span> <span class='ocrx_word' id='word_1_154' title='bbox 800 2174 912 2221; x_wconf 87' lang='lat' dir='ltr'><strong>munus</strong></span> <span class='ocrx_word' id='word_1_155' title='bbox 935 2155 983 2220; x_wconf 92' lang='lat' dir='ltr'><strong>dei</strong></span> <span class='ocrx_word' id='word_1_156' title='bbox 1006 2155 1103 2238; x_wconf 89' lang='lat' dir='ltr'><strong>patris</strong></span> <span class='ocrx_word' id='word_1_157' title='bbox 1125 2158 1157 2220; x_wconf 92' lang='lat' dir='ltr'><strong>et</strong></span> <span class='ocrx_word' id='word_1_158' title='bbox 1179 2156 1294 2220; x_wconf 91' lang='lat' dir='ltr'><strong>donum</strong></span> 
     </span>
     <span class='ocr_line' id='line_1_19' title="bbox 174 2256 1294 2339; baseline -0.001 -15"><span class='ocrx_word' id='word_1_159' title='bbox 174 2260 239 2336; x_wconf 89' lang='lat' dir='ltr'><strong>est,</strong></span> <span class='ocrx_word' id='word_1_160' title='bbox 275 2258 310 2323; x_wconf 92' lang='lat' dir='ltr'><strong>ut</strong></span> <span class='ocrx_word' id='word_1_161' title='bbox 339 2256 462 2321; x_wconf 87' lang='lat' dir='ltr'><strong>infinita</strong></span> <span class='ocrx_word' id='word_1_162' title='bbox 490 2257 660 2322; x_wconf 90' lang='lat' dir='ltr'><strong>meruerint</strong></span> <span class='ocrx_word' id='word_1_163' title='bbox 689 2257 771 2322; x_wconf 90' lang='lat' dir='ltr'><strong>idem</strong></span> <span class='ocrx_word' id='word_1_164' title='bbox 800 2274 865 2323; x_wconf 89' lang='lat' dir='ltr'><strong>esso</strong></span> <span class='ocrx_word' id='word_1_165' title='bbox 893 2275 946 2339; x_wconf 87' lang='lat' dir='ltr'><strong>per</strong></span> <span class='ocrx_word' id='word_1_166' title='bbox 969 2257 1103 2337; x_wconf 88' lang='lat' dir='ltr'><strong>saecula,</strong></span> <span class='ocrx_word' id='word_1_167' title='bbox 1139 2276 1208 2322; x_wconf 92' lang='lat' dir='ltr'><strong>curn</strong></span> <span class='ocrx_word' id='word_1_168' title='bbox 1231 2258 1294 2324; x_wconf 89' lang='lat' dir='ltr'><strong>sint</strong></span> 
     </span>
     <span class='ocr_line' id='line_1_20' title="bbox 175 2355 1344 2442; baseline 0.001 -17"><span class='ocrx_word' id='word_1_169' title='bbox 175 2360 286 2427; x_wconf 90' lang='lat' dir='ltr'><strong>labiles</strong></span> <span class='ocrx_word' id='word_1_170' title='bbox 320 2359 526 2442; x_wconf 90' lang='lat' dir='ltr'><strong>solubilesque</strong></span> <span class='ocrx_word' id='word_1_171' title='bbox 560 2361 679 2425; x_wconf 88' lang='lat' dir='ltr'><strong>natura.</strong></span> <span class='ocrx_word' id='word_1_172' title='bbox 724 2361 816 2442; x_wconf 88' lang='lat' dir='ltr'><strong>atque</strong></span> <span class='ocrx_word' id='word_1_173' title='bbox 845 2360 965 2426; x_wconf 90' lang='lat' dir='ltr'><strong>utinam</strong></span> <span class='ocrx_word' id='word_1_174' title='bbox 995 2363 1119 2426; x_wconf 89' lang='lat' dir='ltr'><strong>daretur</strong></span> <span class='ocrx_word' id='word_1_175' title='bbox 1146 2361 1179 2424; x_wconf 93' lang='lat' dir='ltr'><strong>in</strong></span> <span class='ocrx_word' id='word_1_176' title='bbox 1202 2355 1344 2426; x_wconf 59' lang='lat' dir='ltr'><strong>unius„</strong></span> 
     </span>
     <span class='ocr_line' id='line_1_21' title="bbox 131 2463 1293 2548; baseline -0.003 -19"><span class='ocrx_word' id='word_1_177' title='bbox 131 2463 309 2548; x_wconf 77' lang='lat' dir='ltr'><strong>eespeciem</strong></span> <span class='ocrx_word' id='word_1_178' title='bbox 339 2463 487 2529; x_wconf 74' lang='lat' dir='ltr'><strong>entonis</strong></span> <span class='ocrx_word' id='word_1_179' title='bbox 509 2464 575 2529; x_wconf 90' lang='lat' dir='ltr'><strong>toto</strong></span> <span class='ocrx_word' id='word_1_180' title='bbox 597 2465 667 2528; x_wconf 92' lang='lat' dir='ltr'><strong>orbe</strong></span> <span class='ocrx_word' id='word_1_181' title='bbox 696 2463 850 2528; x_wconf 83' lang='lat' dir='ltr'><strong>contracto</strong></span> <span class='ocrx_word' id='word_1_182' title='bbox 878 2464 1012 2528; x_wconf 89' lang='lat' dir='ltr'><strong>oratione</strong></span> <span class='ocrx_word' id='word_1_183' title='bbox 1035 2463 1091 2528; x_wconf 89' lang='lat' dir='ltr'><strong>hac</strong></span> <span class='ocrx_word' id='word_1_184' title='bbox 1112 2464 1160 2528; x_wconf 89' lang='lat' dir='ltr'><strong>uti</strong></span> <span class='ocrx_word' id='word_1_185' title='bbox 1182 2465 1214 2528; x_wconf 92' lang='lat' dir='ltr'><strong>et</strong></span> <span class='ocrx_word' id='word_1_186' title='bbox 1235 2463 1293 2527; x_wconf 93' lang='lat' dir='ltr'><strong>hu-</strong></span> 
     </span>
     <span class='ocr_line' id='line_1_22' title="bbox 176 2551 1379 2653; baseline -0.004 -21"><span class='ocrx_word' id='word_1_187' title='bbox 176 2567 261 2632; x_wconf 84' lang='lat' dir='ltr'><strong>mani</strong></span> <span class='ocrx_word' id='word_1_188' title='bbox 283 2569 317 2633; x_wconf 93' lang='lat' dir='ltr'><strong>in</strong></span> <span class='ocrx_word' id='word_1_189' title='bbox 338 2567 457 2650; x_wconf 87' lang='lat' dir='ltr'><strong>generis</strong></span> <span class='ocrx_word' id='word_1_190' title='bbox 476 2566 481 2653; x_wconf 78' lang='grc'>1</span> <span class='ocrx_word' id='word_1_191' title='bbox 499 2567 654 2633; x_wconf 87' lang='lat' dir='ltr'><strong>audientia</strong></span> <span class='ocrx_word' id='word_1_192' title='bbox 676 2566 835 2632; x_wconf 88' lang='lat' dir='ltr'><strong>ooulocari.</strong></span> <span class='ocrx_word' id='word_1_193' title='bbox 873 2551 982 2651; x_wconf 80' lang='lat' dir='ltr'><strong>e&#39;rgone</strong></span> <span class='ocrx_word' id='word_1_194' title='bbox 1004 2567 1118 2650; x_wconf 91' lang='lat' dir='ltr'><strong>impiae</strong></span> <span class='ocrx_word' id='word_1_195' title='bbox 1139 2565 1320 2650; x_wconf 84' lang='lat' dir='ltr'><strong>religionisf.</strong></span> <span class='ocrx_word' id='word_1_196' title='bbox 1333 2574 1379 2627; x_wconf 62' lang='grc' dir='ltr'><strong>ιο»</strong></span> 
     </span>
     <span class='ocr_line' id='line_1_23' title="bbox 174 2667 1292 2754; baseline -0.001 -18"><span class='ocrx_word' id='word_1_197' title='bbox 174 2689 285 2736; x_wconf 90' lang='lat' dir='ltr'><strong>sumus</strong></span> <span class='ocrx_word' id='word_1_198' title='bbox 308 2670 390 2754; x_wconf 90' lang='lat' dir='ltr'><strong>apud</strong></span> <span class='ocrx_word' id='word_1_199' title='bbox 412 2687 466 2733; x_wconf 93' lang='lat' dir='ltr'><strong>uos</strong></span> <span class='ocrx_word' id='word_1_200' title='bbox 489 2670 548 2748; x_wconf 87' lang='lat' dir='ltr'><strong>rei,</strong></span> <span class='ocrx_word' id='word_1_201' title='bbox 579 2675 608 2734; x_wconf 90' lang='lat' dir='ltr'><strong>et</strong></span> <span class='ocrx_word' id='word_1_202' title='bbox 629 2670 710 2752; x_wconf 91' lang='lat' dir='ltr'><strong>quod</strong></span> <span class='ocrx_word' id='word_1_203' title='bbox 736 2667 828 2752; x_wconf 87' lang='lat' dir='ltr'><strong>eaput</strong></span> <span class='ocrx_word' id='word_1_204' title='bbox 857 2687 958 2735; x_wconf 91' lang='lat' dir='ltr'><strong>rerum</strong></span> <span class='ocrx_word' id='word_1_205' title='bbox 981 2671 1011 2734; x_wconf 92' lang='lat' dir='ltr'><strong>et</strong></span> <span class='ocrx_word' id='word_1_206' title='bbox 1032 2672 1173 2736; x_wconf 88' lang='lat' dir='ltr'><strong>columen</strong></span> <span class='ocrx_word' id='word_1_207' title='bbox 1202 2689 1292 2735; x_wconf 92' lang='lat' dir='ltr'><strong>uene·</strong></span> 
     </span>
     <span class='ocr_line' id='line_1_24' title="bbox 175 2771 1294 2854; baseline -0.001 -17"><span class='ocrx_word' id='word_1_208' title='bbox 175 2773 329 2839; x_wconf 87' lang='lat' dir='ltr'><strong>rabilibus</strong></span> <span class='ocrx_word' id='word_1_209' title='bbox 352 2773 474 2838; x_wconf 88' lang='lat' dir='ltr'><strong>adimus</strong></span> <span class='ocrx_word' id='word_1_210' title='bbox 490 2771 652 2854; x_wconf 87' lang='lat' dir='ltr'><strong>obsequiis,</strong></span> <span class='ocrx_word' id='word_1_211' title='bbox 683 2773 718 2836; x_wconf 93' lang='lat' dir='ltr'><strong>ut</strong></span> <span class='ocrx_word' id='word_1_212' title='bbox 740 2771 875 2837; x_wconf 87' lang='lat' dir='ltr'><strong>conuicio</strong></span> <span class='ocrx_word' id='word_1_213' title='bbox 895 2773 1020 2837; x_wconf 85' lang='lat' dir='ltr'><strong>utamuu</strong></span> <span class='ocrx_word' id='word_1_214' title='bbox 1034 2773 1145 2851; x_wconf 89' lang='lat' dir='ltr'><strong>uestro,</strong></span> <span class='ocrx_word' id='word_1_215' title='bbox 1167 2773 1294 2837; x_wconf 84' lang='lat' dir='ltr'><strong>infausti</strong></span> 
     </span>
     <span class='ocr_line' id='line_1_25' title="bbox 175 2874 1292 2958; baseline 0.001 -17"><span class='ocrx_word' id='word_1_216' title='bbox 175 2877 209 2941; x_wconf 90' lang='lat' dir='ltr'><strong>ot</strong></span> <span class='ocrx_word' id='word_1_217' title='bbox 230 2875 313 2940; x_wconf 86' lang='lat' dir='ltr'><strong>athei</strong></span> <span class='ocrx_word' id='word_1_218' title='bbox 340 2878 571 2957; x_wconf 84' lang='lat' dir='ltr'><strong>nuncupamur?</strong></span> <span class='ocrx_word' id='word_1_219' title='bbox 608 2874 730 2956; x_wconf 86' lang='lat' dir='ltr'><strong>etquis</strong></span> <span class='ocrx_word' id='word_1_220' title='bbox 753 2875 852 2958; x_wconf 88' lang='lat' dir='ltr'><strong>magis</strong></span> <span class='ocrx_word' id='word_1_221' title='bbox 884 2874 996 2939; x_wconf 72' lang='lat' dir='ltr'><strong>rectus</strong></span> <span class='ocrx_word' id='word_1_222' title='bbox 1018 2874 1127 2940; x_wconf 88' lang='lat' dir='ltr'><strong>horum</strong></span> <span class='ocrx_word' id='word_1_223' title='bbox 1150 2875 1225 2940; x_wconf 88' lang='lat' dir='ltr'><strong>feret</strong></span> <span class='ocrx_word' id='word_1_224' title='bbox 1246 2877 1292 2942; x_wconf 91' lang='lat' dir='ltr'><strong>in-</strong></span> 
     </span>
     <span class='ocr_line' id='line_1_26' title="bbox 136 2976 1293 3060; baseline 0.003 -21"><span class='ocrx_word' id='word_1_225' title='bbox 136 2977 294 3043; x_wconf 76' lang='lat' dir='ltr'><strong>eanidiam</strong></span> <span class='ocrx_word' id='word_1_226' title='bbox 324 2977 497 3055; x_wconf 88' lang='lat' dir='ltr'><strong>nominum,</strong></span> <span class='ocrx_word' id='word_1_227' title='bbox 529 2995 621 3060; x_wconf 92' lang='lat' dir='ltr'><strong>quam</strong></span> <span class='ocrx_word' id='word_1_228' title='bbox 644 2976 697 3059; x_wconf 89' lang='lat' dir='ltr'><strong>qni</strong></span> <span class='ocrx_word' id='word_1_229' title='bbox 719 2977 816 3041; x_wconf 90' lang='lat' dir='ltr'><strong>alium</strong></span> <span class='ocrx_word' id='word_1_230' title='bbox 837 2996 910 3059; x_wconf 86' lang='lat' dir='ltr'><strong>prae</strong></span> <span class='ocrx_word' id='word_1_231' title='bbox 932 2977 989 3042; x_wconf 89' lang='lat' dir='ltr'><strong>hoc</strong></span> <span class='ocrx_word' id='word_1_232' title='bbox 1018 2977 1110 3042; x_wconf 92' lang='lat' dir='ltr'><strong>deum</strong></span> <span class='ocrx_word' id='word_1_233' title='bbox 1131 2979 1185 3042; x_wconf 89' lang='lat' dir='ltr'><strong>ant</strong></span> <span class='ocrx_word' id='word_1_234' title='bbox 1205 2980 1293 3043; x_wconf 91' lang='lat' dir='ltr'><strong>nouit</strong></span> 
     </span>
     <span class='ocr_line' id='line_1_27' title="bbox 174 3079 1292 3147; baseline 0 -1"><span class='ocrx_word' id='word_1_235' title='bbox 174 3082 229 3146; x_wconf 86' lang='lat' dir='ltr'><strong>aut</strong></span> <span class='ocrx_word' id='word_1_236' title='bbox 258 3080 431 3146; x_wconf 86' lang='lat' dir='ltr'><strong>sciscitetur</strong></span> <span class='ocrx_word' id='word_1_237' title='bbox 458 3080 514 3145; x_wconf 87' lang='lat' dir='ltr'><strong>eut</strong></span> <span class='ocrx_word' id='word_1_238' title='bbox 542 3079 661 3144; x_wconf 84' lang='lat' dir='ltr'><strong>eredit?</strong></span> <span class='ocrx_word' id='word_1_239' title='bbox 697 3097 795 3144; x_wconf 91' lang='lat' dir='ltr'><strong>nonno</strong></span> <span class='ocrx_word' id='word_1_240' title='bbox 823 3080 895 3145; x_wconf 88' lang='lat' dir='ltr'><strong>huie</strong></span> <span class='ocrx_word' id='word_1_241' title='bbox 925 3099 1030 3145; x_wconf 92' lang='lat' dir='ltr'><strong>omnes</strong></span> <span class='ocrx_word' id='word_1_242' title='bbox 1062 3081 1207 3146; x_wconf 90' lang='lat' dir='ltr'><strong>debemus</strong></span> <span class='ocrx_word' id='word_1_243' title='bbox 1236 3083 1292 3147; x_wconf 91' lang='lat' dir='ltr'><strong>hoe</strong></span> 
     </span>
     <span class='ocr_line' id='line_1_28' title="bbox 174 3182 1292 3266; baseline 0.001 -17"><span class='ocrx_word' id='word_1_244' title='bbox 174 3184 279 3266; x_wconf 92' lang='lat' dir='ltr'><strong>ipsum</strong></span> <span class='ocrx_word' id='word_1_245' title='bbox 300 3183 445 3265; x_wconf 89' lang='lat' dir='ltr'><strong>primum,</strong></span> <span class='ocrx_word' id='word_1_246' title='bbox 469 3182 549 3264; x_wconf 92' lang='lat' dir='ltr'><strong>quod</strong></span> <span class='ocrx_word' id='word_1_247' title='bbox 572 3201 688 3264; x_wconf 91' lang='lat' dir='ltr'><strong>sumus,</strong></span> <span class='ocrx_word' id='word_1_248' title='bbox 712 3184 793 3265; x_wconf 89' lang='lat' dir='ltr'><strong>quod</strong></span> <span class='ocrx_word' id='word_1_249' title='bbox 808 3202 872 3249; x_wconf 91' lang='lat' dir='ltr'><strong>esse</strong></span> <span class='ocrx_word' id='word_1_250' title='bbox 887 3184 1026 3249; x_wconf 91' lang='lat' dir='ltr'><strong>homines</strong></span> <span class='ocrx_word' id='word_1_251' title='bbox 1048 3184 1189 3263; x_wconf 77' lang='lat' dir='ltr'><strong>dicimur,</strong></span> <span class='ocrx_word' id='word_1_252' title='bbox 1213 3187 1292 3266; x_wconf 92' lang='lat' dir='ltr'><strong>quod</strong></span> 
     </span>
     <span class='ocr_line' id='line_1_29' title="bbox 176 3285 1292 3370; baseline 0.001 -17"><span class='ocrx_word' id='word_1_253' title='bbox 176 3287 215 3353; x_wconf 93' lang='lat' dir='ltr'><strong>ab</strong></span> <span class='ocrx_word' id='word_1_254' title='bbox 239 3304 272 3351; x_wconf 91' lang='lat' dir='ltr'><strong>eo</strong></span> <span class='ocrx_word' id='word_1_255' title='bbox 294 3286 346 3350; x_wconf 91' lang='lat' dir='ltr'><strong>uel</strong></span> <span class='ocrx_word' id='word_1_256' title='bbox 368 3285 478 3351; x_wconf 91' lang='lat' dir='ltr'><strong>missae</strong></span> <span class='ocrx_word' id='word_1_257' title='bbox 500 3287 620 3352; x_wconf 90' lang='lat' dir='ltr'><strong>animae</strong></span> <span class='ocrx_word' id='word_1_258' title='bbox 642 3287 692 3352; x_wconf 92' lang='lat' dir='ltr'><strong>uel</strong></span> <span class='ocrx_word' id='word_1_259' title='bbox 713 3289 816 3369; x_wconf 89' lang='lat' dir='ltr'><strong>lapsae</strong></span> <span class='ocrx_word' id='word_1_260' title='bbox 838 3287 985 3353; x_wconf 87' lang='lat' dir='ltr'><strong>caecitate</strong></span> <span class='ocrx_word' id='word_1_261' title='bbox 1006 3287 1097 3353; x_wconf 92' lang='lat' dir='ltr'><strong>huius</strong></span> <span class='ocrx_word' id='word_1_262' title='bbox 1112 3288 1144 3352; x_wconf 94' lang='lat' dir='ltr'><strong>in</strong></span> <span class='ocrx_word' id='word_1_263' title='bbox 1160 3290 1292 3370; x_wconf 84' lang='lat' dir='ltr'><strong>corporis</strong></span> 
     </span>
     <span class='ocr_line' id='line_1_30' title="bbox 98 3388 1292 3472; baseline 0.002 -19"><span class='ocrx_word' id='word_1_264' title='bbox 98 3444 105 3453; x_wconf 89' lang='lat'>.</span> <span class='ocrx_word' id='word_1_265' title='bbox 175 3390 389 3456; x_wconf 78' lang='lat' dir='ltr'><strong>continemur?</strong></span> <span class='ocrx_word' id='word_1_266' title='bbox 426 3406 487 3453; x_wconf 92' lang='lat' dir='ltr'><strong>non</strong></span> <span class='ocrx_word' id='word_1_267' title='bbox 510 3388 590 3471; x_wconf 94' lang='lat' dir='ltr'><strong>quod</strong></span> <span class='ocrx_word' id='word_1_268' title='bbox 612 3389 794 3467; x_wconf 90' lang='lat' dir='ltr'><strong>incedimus,</strong></span> <span class='ocrx_word' id='word_1_269' title='bbox 817 3391 898 3472; x_wconf 90' lang='lat' dir='ltr'><strong>quod</strong></span> <span class='ocrx_word' id='word_1_270' title='bbox 921 3390 1071 3472; x_wconf 90' lang='lat' dir='ltr'><strong>spiramus</strong></span> <span class='ocrx_word' id='word_1_271' title='bbox 1094 3393 1125 3456; x_wconf 91' lang='lat' dir='ltr'><strong>et</strong></span> <span class='ocrx_word' id='word_1_272' title='bbox 1147 3391 1292 3470; x_wconf 91' lang='lat' dir='ltr'><strong>uiuimus,</strong></span> 
     </span>
     <span class='ocr_line' id='line_1_31' title="bbox 136 3491 1292 3574; baseline 0.007 -22"><span class='ocrx_word' id='word_1_273' title='bbox 136 3493 214 3559; x_wconf 75' lang='lat' dir='ltr'><strong>eoab</strong></span> <span class='ocrx_word' id='word_1_274' title='bbox 237 3510 270 3557; x_wconf 90' lang='lat' dir='ltr'><strong>eo</strong></span> <span class='ocrx_word' id='word_1_275' title='bbox 293 3491 333 3556; x_wconf 89' lang='lat' dir='ltr'><strong>ad</strong></span> <span class='ocrx_word' id='word_1_276' title='bbox 354 3508 408 3556; x_wconf 90' lang='lat' dir='ltr'><strong>nos</strong></span> <span class='ocrx_word' id='word_1_277' title='bbox 431 3491 630 3574; x_wconf 78' lang='lat' dir='ltr'><strong>sonituique</strong></span> <span class='ocrx_word' id='word_1_278' title='bbox 652 3491 719 3573; x_wconf 90' lang='lat' dir='ltr'><strong>ipsa</strong></span> <span class='ocrx_word' id='word_1_279' title='bbox 740 3491 866 3556; x_wconf 89' lang='lat' dir='ltr'><strong>uiuendi</strong></span> <span class='ocrx_word' id='word_1_280' title='bbox 889 3491 984 3558; x_wconf 87' lang='lat' dir='ltr'><strong>efficit</strong></span> <span class='ocrx_word' id='word_1_281' title='bbox 1006 3510 1060 3558; x_wconf 89' lang='lat' dir='ltr'><strong>nos</strong></span> <span class='ocrx_word' id='word_1_282' title='bbox 1090 3512 1154 3559; x_wconf 90' lang='lat' dir='ltr'><strong>esse</strong></span> <span class='ocrx_word' id='word_1_283' title='bbox 1176 3496 1208 3559; x_wconf 90' lang='lat' dir='ltr'><strong>et</strong></span> <span class='ocrx_word' id='word_1_284' title='bbox 1229 3496 1292 3559; x_wconf 92' lang='lat' dir='ltr'><strong>ani·</strong></span> 
     </span>
     <span class='ocr_line' id='line_1_32' title="bbox 177 3594 1292 3682; baseline 0.003 -23"><span class='ocrx_word' id='word_1_285' title='bbox 177 3595 252 3659; x_wconf 89' lang='lat' dir='ltr'><strong>mali</strong></span> <span class='ocrx_word' id='word_1_286' title='bbox 281 3595 448 3677; x_wconf 86' lang='lat' dir='ltr'><strong>agitatione</strong></span> <span class='ocrx_word' id='word_1_287' title='bbox 477 3595 611 3660; x_wconf 78' lang='lat' dir='ltr'><strong>motari?</strong></span> <span class='ocrx_word' id='word_1_288' title='bbox 647 3614 745 3660; x_wconf 93' lang='lat' dir='ltr'><strong>nonne</strong></span> <span class='ocrx_word' id='word_1_289' title='bbox 775 3594 812 3659; x_wconf 87' lang='lat' dir='ltr'><strong>ab</strong></span> <span class='ocrx_word' id='word_1_290' title='bbox 843 3594 899 3659; x_wconf 91' lang='lat' dir='ltr'><strong>hcc</strong></span> <span class='ocrx_word' id='word_1_291' title='bbox 928 3595 1058 3661; x_wconf 87' lang='lat' dir='ltr'><strong>effluunt</strong></span> <span class='ocrx_word' id='word_1_292' title='bbox 1088 3616 1208 3680; x_wconf 86' lang='lat' dir='ltr'><strong>causae,</strong></span> <span class='ocrx_word' id='word_1_293' title='bbox 1239 3617 1292 3682; x_wconf 94' lang='lat' dir='ltr'><strong>per</strong></span> 
     </span>
    </p>
   </div>
   <div class='ocr_carea' id='block_1_3' title="bbox 115 3813 1294 4303">
    <p class='ocr_par' dir='ltr' id='par_1_3' title="bbox 211 3813 1291 3883">
     <span class='ocr_line' id='line_1_33' title="bbox 211 3813 1291 3883; baseline 0.008 -18"><span class='ocrx_word' id='word_1_294' title='bbox 211 3815 329 3868; x_wconf 85' lang='lat' dir='ltr'><strong>2lib0re</strong></span> <span class='ocrx_word' id='word_1_295' title='bbox 348 3815 376 3867; x_wconf 91' lang='lat' dir='ltr'><em>P</em></span> <span class='ocrx_word' id='word_1_296' title='bbox 476 3813 618 3868; x_wconf 90' lang='lat' dir='ltr'><strong>aflcinntur</strong></span> <span class='ocrx_word' id='word_1_297' title='bbox 634 3813 661 3867; x_wconf 90' lang='lat' dir='ltr'><em>P</em></span> <span class='ocrx_word' id='word_1_298' title='bbox 763 3816 930 3883; x_wconf 83' lang='lat' dir='ltr'><strong>comparatas</strong></span> <span class='ocrx_word' id='word_1_299' title='bbox 947 3815 974 3869; x_wconf 90' lang='lat' dir='ltr'><em>P</em></span> <span class='ocrx_word' id='word_1_300' title='bbox 1075 3819 1291 3874; x_wconf 77' lang='lat' dir='ltr'><strong>bsubstantiam</strong></span> 
     </span>
    </p>

    <p class='ocr_par' dir='ltr' id='par_1_4' title="bbox 175 3899 1291 4145">
     <span class='ocr_line' id='line_1_34' title="bbox 176 3899 1224 3967; baseline 0.006 -13"><span class='ocrx_word' id='word_1_301' title='bbox 176 3899 240 3967; x_wconf 79' lang='lat' dir='ltr'><strong>Sub,</strong></span> <span class='ocrx_word' id='word_1_302' title='bbox 252 3917 283 3954; x_wconf 83' lang='lat' dir='ltr'><strong>r:</strong></span> <span class='ocrx_word' id='word_1_303' title='bbox 300 3900 453 3954; x_wconf 86' lang='lat' dir='ltr'><strong>substantia</strong></span> <span class='ocrx_word' id='word_1_304' title='bbox 464 3901 491 3953; x_wconf 93' lang='lat' dir='ltr'><em>P</em></span> <span class='ocrx_word' id='word_1_305' title='bbox 592 3900 608 3953; x_wconf 83' lang='lat'><strong>‘1</strong></span> <span class='ocrx_word' id='word_1_306' title='bbox 627 3899 736 3953; x_wconf 88' lang='lat' dir='ltr'><strong>sortitos</strong></span> <span class='ocrx_word' id='word_1_307' title='bbox 755 3915 810 3955; x_wconf 87' lang='lat' dir='ltr'><strong>esse</strong></span> <span class='ocrx_word' id='word_1_308' title='bbox 827 3916 855 3954; x_wconf 89' lang='lat' dir='ltr'><strong>se</strong></span> <span class='ocrx_word' id='word_1_309' title='bbox 872 3901 923 3956; x_wconf 82' lang='lat' dir='ltr'><strong>Ure</strong></span> <span class='ocrx_word' id='word_1_310' title='bbox 940 3903 1031 3957; x_wconf 77' lang='lat' dir='ltr'><strong>mrtiti</strong></span> <span class='ocrx_word' id='word_1_311' title='bbox 1042 3920 1070 3957; x_wconf 93' lang='lat' dir='ltr'><strong>sc</strong></span> <span class='ocrx_word' id='word_1_312' title='bbox 1081 3919 1136 3959; x_wconf 85' lang='lat' dir='ltr'><strong>esse</strong></span> <span class='ocrx_word' id='word_1_313' title='bbox 1150 3906 1224 3960; x_wconf 72' lang='lat' dir='ltr'><strong>sum</strong></span> 
     </span>
     <span class='ocr_line' id='line_1_35' title="bbox 175 3985 1291 4061; baseline 0.008 -23"><span class='ocrx_word' id='word_1_314' title='bbox 175 3986 328 4039; x_wconf 88' lang='lat' dir='ltr'><strong>sentiuntur</strong></span> <span class='ocrx_word' id='word_1_315' title='bbox 349 3987 462 4054; x_wconf 62' lang='grc' dir='ltr'><strong>ιοτὺρείι</strong></span> <span class='ocrx_word' id='word_1_316' title='bbox 491 3985 613 4040; x_wconf 86' lang='lat' dir='ltr'><strong>sentiunt</strong></span> <span class='ocrx_word' id='word_1_317' title='bbox 637 3987 666 4040; x_wconf 93' lang='lat' dir='ltr'><em>P</em></span> <span class='ocrx_word' id='word_1_318' title='bbox 810 3992 1034 4056; x_wconf 83' lang='lat' dir='ltr'><strong>reeognoseuntnr</strong></span> <span class='ocrx_word' id='word_1_319' title='bbox 1061 3990 1172 4058; x_wconf 81' lang='lat' dir='ltr'><strong>scripsi.-</strong></span> <span class='ocrx_word' id='word_1_320' title='bbox 1201 4003 1291 4061; x_wconf 81' lang='lat' dir='ltr'><strong>recog-</strong></span> 
     </span>
     <span class='ocr_line' id='line_1_36' title="bbox 176 4071 1291 4145; baseline 0.008 -22"><span class='ocrx_word' id='word_1_321' title='bbox 176 4073 289 4124; x_wconf 89' lang='lat' dir='ltr'><strong>noscunt</strong></span> <span class='ocrx_word' id='word_1_322' title='bbox 306 4071 333 4123; x_wconf 93' lang='lat' dir='ltr'><em>P</em></span> <span class='ocrx_word' id='word_1_323' title='bbox 401 4071 434 4126; x_wconf 93' lang='lat'><strong>10</strong></span> <span class='ocrx_word' id='word_1_324' title='bbox 451 4072 599 4125; x_wconf 89' lang='lat' dir='ltr'><strong>uestustate</strong></span> <span class='ocrx_word' id='word_1_325' title='bbox 618 4071 645 4124; x_wconf 93' lang='lat' dir='ltr'><em>P</em></span> <span class='ocrx_word' id='word_1_326' title='bbox 661 4085 722 4125; x_wconf 82' lang='lat' dir='ltr'><strong>corr</strong></span> <span class='ocrx_word' id='word_1_327' title='bbox 792 4071 824 4126; x_wconf 88' lang='lat'><strong>14</strong></span> <span class='ocrx_word' id='word_1_328' title='bbox 840 4073 942 4127; x_wconf 69' lang='lat' dir='ltr'><strong>adab.-</strong></span> <span class='ocrx_word' id='word_1_329' title='bbox 959 4089 992 4142; x_wconf 89' lang='lat' dir='ltr'><strong>ap</strong></span> <span class='ocrx_word' id='word_1_330' title='bbox 1011 4074 1037 4127; x_wconf 93' lang='lat' dir='ltr'><em>P</em></span> <span class='ocrx_word' id='word_1_331' title='bbox 1106 4077 1139 4130; x_wconf 79' lang='lat'><strong>15</strong></span> <span class='ocrx_word' id='word_1_332' title='bbox 1155 4079 1291 4145; x_wconf 88' lang='lat' dir='ltr'><strong>perieulis-</strong></span> 
     </span>
    </p>

    <p class='ocr_par' dir='ltr' id='par_1_5' title="bbox 115 4155 1294 4303">
     <span class='ocr_line' id='line_1_37' title="bbox 115 4155 1224 4224; baseline 0.007 -16"><span class='ocrx_word' id='word_1_333' title='bbox 115 4155 118 4162; x_wconf 83' lang='grc'><em>“</em></span> <span class='ocrx_word' id='word_1_334' title='bbox 177 4170 227 4224; x_wconf 86' lang='lat' dir='ltr'><strong>que</strong></span> <span class='ocrx_word' id='word_1_335' title='bbox 250 4158 278 4210; x_wconf 99' lang='lat' dir='ltr'><em>P</em></span> <span class='ocrx_word' id='word_1_336' title='bbox 388 4158 426 4210; x_wconf 91' lang='grc'><strong>16·</strong></span> <span class='ocrx_word' id='word_1_337' title='bbox 447 4156 480 4209; x_wconf 85' lang='lat' dir='ltr'><strong>ed</strong></span> <span class='ocrx_word' id='word_1_338' title='bbox 507 4157 534 4210; x_wconf 92' lang='lat' dir='ltr'><em>P</em></span> <span class='ocrx_word' id='word_1_339' title='bbox 551 4172 612 4211; x_wconf 80' lang='lat' dir='ltr'><strong>corr</strong></span> <span class='ocrx_word' id='word_1_340' title='bbox 721 4157 755 4211; x_wconf 78' lang='lat'><strong>20</strong></span> <span class='ocrx_word' id='word_1_341' title='bbox 781 4161 915 4212; x_wconf 85' lang='lat' dir='ltr'><strong>contracto</strong></span> <span class='ocrx_word' id='word_1_342' title='bbox 939 4159 1009 4214; x_wconf 81' lang='lat' dir='ltr'><strong>Sub.-</strong></span> <span class='ocrx_word' id='word_1_343' title='bbox 1038 4164 1173 4216; x_wconf 74' lang='lat' dir='ltr'><strong>contracta</strong></span> <span class='ocrx_word' id='word_1_344' title='bbox 1197 4165 1224 4216; x_wconf 92' lang='lat' dir='ltr'><em>P</em></span> 
     </span>
     <span class='ocr_line' id='line_1_38' title="bbox 171 4241 1294 4303; baseline 0.012 -13"><span class='ocrx_word' id='word_1_345' title='bbox 171 4241 209 4297; x_wconf 76' lang='lat'><strong>121</strong></span> <span class='ocrx_word' id='word_1_346' title='bbox 235 4242 357 4295; x_wconf 84' lang='lat' dir='ltr'><strong>collocari</strong></span> <span class='ocrx_word' id='word_1_347' title='bbox 386 4243 448 4296; x_wconf 78' lang='lat' dir='ltr'><strong>Get.-</strong></span> <span class='ocrx_word' id='word_1_348' title='bbox 478 4242 612 4296; x_wconf 82' lang='lat' dir='ltr'><strong>conlocare</strong></span> <span class='ocrx_word' id='word_1_349' title='bbox 638 4244 665 4295; x_wconf 95' lang='lat' dir='ltr'><em>P</em></span> <span class='ocrx_word' id='word_1_350' title='bbox 776 4243 810 4298; x_wconf 75' lang='lat'><strong>28</strong></span> <span class='ocrx_word' id='word_1_351' title='bbox 835 4244 911 4298; x_wconf 81' lang='lat' dir='ltr'><strong>misai</strong></span> <span class='ocrx_word' id='word_1_352' title='bbox 937 4244 991 4300; x_wconf 70' lang='lat' dir='ltr'><strong>dab</strong></span> <span class='ocrx_word' id='word_1_353' title='bbox 1106 4248 1209 4302; x_wconf 87' lang='lat' dir='ltr'><strong>animae</strong></span> <span class='ocrx_word' id='word_1_354' title='bbox 1235 4247 1294 4303; x_wconf 85' lang='lat' dir='ltr'><strong>odd</strong></span> 
     </span>
    </p>
   </div>
   <div class='ocr_carea' id='block_1_4' title="bbox 176 4326 1192 4419">
    <p class='ocr_par' dir='ltr' id='par_1_6' title="bbox 176 4326 1192 4419">
     <span class='ocr_line' id='line_1_39' title="bbox 176 4326 1192 4419; baseline 0.001 -38"><span class='ocrx_word' id='word_1_355' title='bbox 176 4326 378 4382; x_wconf 63' lang='lat' dir='ltr'><strong>mammae</strong></span> <span class='ocrx_word' id='word_1_356' title='bbox 480 4327 550 4396; x_wconf 89' lang='lat' dir='ltr'><strong>lapsi</strong></span> <span class='ocrx_word' id='word_1_357' title='bbox 568 4327 622 4382; x_wconf 70' lang='lat' dir='ltr'><strong>aab</strong></span> <span class='ocrx_word' id='word_1_358' title='bbox 1153 4367 1192 4419; x_wconf 67' lang='lat' dir='ltr'><strong>l*</strong></span> 
     </span>
    </p>
   </div>
   <div class='ocr_carea' id='block_1_5' title="bbox 0 0 1456 4784">
    <p class='ocr_par' dir='ltr' id='par_1_7' title="bbox 0 0 1456 4784">
     <span class='ocr_line' id='line_1_40' title="bbox 0 0 1456 4784; baseline 0 0"><span class='ocrx_word' id='word_1_359' title='bbox 0 0 1456 4784; x_wconf 95' lang='lat' dir='ltr'><strong> </strong></span> 
     </span>
    </p>
   </div>
  </div>
 </body>
</html>
