2904 4784
659 363 758 418 Liber
774 363 796 417 1.
1243 361 1282 425 31

167 551 290 599 monem
322 531 408 599 dedit
429 535 522 617 atque
543 535 669 617 accepit,
703 536 808 601 docuit
836 535 1001 623 castigauit
1028 533 1197 611 admonuit,
1231 533 1285 615 qui

167 657 204 702 ne
225 637 276 702 illi
300 656 332 702 se
354 637 447 702 falsos
468 638 557 703 uanis
578 637 854 720 imaginationibus
876 639 1102 718 existimarent,
1136 636 1285 703 sesemel

167 739 281 806 iterum
303 740 424 824 saepius
447 740 593 805 familiari
615 741 824 807 conlocutione
846 742 1039 819 monstrauit,
1073 741 1126 823 qui
1148 739 1284 804 iustissi-

167 844 227 908 mis
261 843 338 908 uiris
371 843 547 910 etiamnum
580 843 741 927 impollutis
763 863 798 909 ac
821 845 1022 929 diligentibus
1051 862 1116 909 sese
1143 860 1204 907 non
1231 861 1285 925 per

147 965 248 1011 suana
274 945 427 1012 insomnia
461 947 515 1012 sed
542 965 596 1031 per
623 966 715 1029 purae
742 948 875 1030 speciem
904 946 1113 1030 simplicitatis
1146 945 1283 1028 apparet,

168 1049 254 1114 ouius
277 1066 388 1114 nomeu
411 1048 553 1114 auditum
576 1049 666 1132 fugat
686 1050 790 1114 noxios
813 1051 955 1133 spiritus,
983 1049 1104 1132 inponit
1125 1047 1285 1112 silentium

168 1152 307 1230 uatibus,
330 1152 507 1236 haruspices
529 1152 717 1216 inconsultos
739 1152 855 1231 reddit,
884 1152 1101 1238 adrogantium
1123 1167 1285 1234 magorum

167 1254 313 1321 frustrari
341 1255 436 1321 efficit
462 1255 612 1333 arbones,
642 1274 701 1320 non
727 1255 849 1321 horrore
872 1257 907 1320 ut
935 1255 1038 1320 dicitis
1071 1255 1203 1319 nominis
1232 1252 1284 1317 sed

168 1359 293 1425 maioris
314 1357 441 1424 licentia
462 1359 645 1441 potestatis?
674 1360 705 1423 et
719 1359 794 1423 haec
808 1359 932 1440 quidem
953 1359 1133 1423 summatim
1148 1356 1284 1440 exposita
1293 1359 1333 1424 lt

138 1488 161 1527 ιο
169 1478 229 1526 non
250 1480 287 1526 aa
309 1461 425 1526 ratione
446 1460 643 1543 protulimus,
667 1462 826 1543 tamquam
849 1461 1028 1544 magnitudo
1051 1460 1190 1526 facientis
1212 1459 1285 1525 solie

169 1565 201 1628 in
222 1563 272 1628 his
294 1565 377 1628 esset
405 1564 617 1646 perspicienda
649 1563 828 1629 uirtutibus.
866 1565 980 1645 quanta
1013 1564 1077 1627 sint
1103 1563 1186 1628 enim
1211 1563 1285 1629 haec

170 1666 222 1730 uel
243 1666 392 1731 exilitatis
407 1666 494 1730 cuius
508 1666 698 1749 reperientur
712 1671 743 1731 et
765 1667 840 1747 ludi,
864 1668 891 1732 si
913 1667 1062 1731 traditum
1084 1667 1177 1732 luerit
1191 1667 1284 1745 nosci,

171 1788 204 1834 ax
226 1768 338 1850 quibus
360 1768 398 1833 ad
420 1786 475 1832 nos
497 1769 614 1853 regnis,
639 1769 726 1834 cuius
748 1771 882 1835 numinis
905 1770 1095 1835 ministrator
1117 1770 1285 1836 aduenarit.

171 1890 246 1954 quae
279 1872 404 1954 quidem
427 1871 465 1937 ab
490 1891 525 1938 eo
548 1873 634 1957 gesta
662 1874 734 1938 sunt
756 1874 787 1938 et
813 1872 970 1952 factitata,
1005 1890 1065 1937 non
1093 1874 1130 1938 ut
1151 1892 1184 1938 se
1205 1891 1286 1937 uana

141 1975 374 2043 sustentatione
395 1975 524 2040 iactaret
546 1975 599 2039 sed
622 1976 657 2039 ut
679 1975 818 2042 homines
841 1976 910 2041 duri
933 1978 1025 2059 atque
1046 1975 1196 2041 increduli
1223 1975 1285 2042 sci·

170 2077 237 2142 rent
264 2094 325 2142 non
350 2095 416 2142 esse
443 2078 525 2159 quod
551 2078 756 2159 spondebatur
783 2077 897 2144 falsum
919 2081 949 2143 et
972 2098 1007 2143 ex
1029 2096 1154 2162 operum
1176 2078 1285 2161 benig·

170 2180 267 2245 nitate
290 2179 365 2263 quid
386 2181 466 2245 esset
489 2180 563 2245 deus
586 2200 676 2246 uerus
699 2181 761 2245 iam
784 2181 975 2246 addiscerent
996 2182 1155 2263 suspicari.
1192 2182 1285 2245 simul

171 2283 201 2347 et
221 2281 303 2346 illud
330 2281 473 2346 uolumus
504 2284 588 2362 sciri,
623 2302 692 2348 cum
726 2284 906 2349 summatim
934 2285 970 2348 ut
991 2285 1109 2349 dictum
1137 2286 1183 2350 est
1211 2303 1285 2348 euu-

170 2387 299 2452 meratio
321 2386 404 2451 facta
424 2388 581 2470 gestorum
604 2389 666 2465 est,
696 2403 754 2452 non
777 2407 811 2452 ea
837 2387 993 2453 Christum
1015 2421 1030 2453 s
1051 2388 1188 2471 potuisse
1210 2405 1286 2469 quae
1392 2450 1397 2455 .

139 2489 258 2568 eiecit,
287 2490 339 2553 sed
368 2490 538 2554 const'tuta
565 2490 659 2555 etiam
688 2508 882 2572 exsuperasse
909 2489 1053 2555 fatorum.
1091 2491 1226 2567 namsi,
1250 2491 1286 2554 ut

170 2592 267 2674 liquet
299 2594 331 2657 et
363 2593 498 2669 constat,
533 2592 710 2657 debilitates
736 2591 978 2678 'etcorporum
1000 2593 1153 2674 passiones
1187 2591 1312 2677 [surdis.
1326 2612 1357 2662 re

170 2697 271 2761 manci
294 2697 325 2761 et
346 2693 450 2781 mutil,
473 2714 635 2760 neruorum
658 2695 825 2761 contractio
841 2697 872 2760 et
892 2696 1016 2761 amissio
1038 2696 1165 2760 luminis
1180 2694 1286 2760 fatali-

170 2799 229 2863 bus
259 2799 400 2864 accidunt
431 2798 671 2882 inroganturque
703 2799 846 2876 decretis,
881 2797 909 2862 si
936 2799 1018 2863 solus
1050 2798 1125 2863 haec
1147 2795 1286 2863 Christus

171 2901 302 2968 correxit
323 2900 462 2966 restituit
484 2902 577 2983 atque
599 2899 734 2965 sanauit:
758 2900 823 2966 sola
847 2901 914 2984 ipso
929 2902 975 2967 est
990 2902 1111 2979 clarius,
1133 2901 1286 2984 potentio·

138 3023 236 3070 aerem
269 3004 359 3069 illum
391 3003 485 3067 finisse
517 3023 610 3085 quam
637 3004 702 3068 fata
729 3004 816 3081 sunt,
854 3022 924 3068 cum
957 3022 993 3068 ea
1020 3003 1114 3068 soluit
1147 3007 1178 3068 et
1210 3005 1287 3069 uicit

131 3184 138 3199 Ι
171 3126 248 3189 quae
270 3106 425 3189 perpetuis
440 3105 569 3170 nexibus
584 3107 616 3170 et
633 3106 787 3170 immobili
801 3106 922 3170 fueraut
937 3097 1283 3188 necessitate'deuincta.

171 3210 224 3274 sed
246 3209 375 3287 frustra,
399 3209 501 3289 inquit
524 3208 623 3273 nescio
646 3208 729 3289 quis,
755 3209 880 3273 tantum
902 3208 1031 3293 adrogas
1053 3207 1189 3288 Christo,
1212 3216 1333 3279 cumis

171 3330 259 3394 saepe
281 3312 358 3376 alios
381 3311 513 3376 sciamus
535 3312 566 3376 et
588 3313 609 3391 †
632 3312 791 3377 scierimus
813 3314 883 3377 deos
906 3312 936 3376 et
958 3312 1167 3378 laborantibus
1188 3313 1286 3394 pluri·

205 3620 222 3672 2
239 3634 267 3672 se
285 3618 364 3673 semel
377 3618 534 3673 Metroon.-
552 3619 632 3673 semel
643 3621 670 3672 P
757 3620 774 3674 3
793 3607 1011 3675 conlocutione?
1021 3635 1082 3676 corr
1170 3622 1188 3675 4
1205 3622 1286 3675 otiam

171 3721 235 3758 num
253 3703 308 3758 Sub
420 3721 473 3758 nou
490 3706 516 3757 P
629 3706 662 3758 12
680 3706 811 3761 exilitates
834 3706 918 3761 cuiuis
938 3707 989 3762 aa
1107 3707 1287 3777 repperientur

172 3791 198 3843 P
212 3792 386 3860 reperirentur
404 3791 457 3845 Sub
480 3792 624 3860 reperiatur
642 3791 739 3846 Carrio
857 3794 951 3846 datum
968 3793 1051 3848 fuerit
1069 3811 1144 3849 nosse
1166 3794 1218 3849 Urs

173 3876 205 3929 13
223 3876 339 3929 numinis
355 3877 421 3932 Ura:
439 3877 588 3931 nominisP
689 3879 721 3932 15
738 3878 879 3933 incredulis
891 3880 989 3934 Pcorr
1092 3881 1124 3935 18
1143 3880 1205 3934 sciri
1222 3880 1286 3936 Ger:

171 3961 237 4015 scire
248 3963 274 4013 P
374 3962 407 4015 19
424 3963 509 4016 solum
527 3962 663 4018 Christum
675 3963 729 4018 Sub
837 3965 964 4019 lucanum
980 3967 1102 4037 riporum.-
1119 3968 1287 4023 iuterctdbse

168 4053 237 4115 prato
256 4050 287 4100 ut
304 4048 436 4102 hominem
544 4050 577 4103 21
595 4066 632 4119 sq.
652 4050 725 4104 surdi
743 4051 829 4106 manci
847 4053 874 4105 et
891 4052 960 4107 muti
977 4054 1075 4108 seclusi
1176 4055 1210 4109 22
1227 4072 1287 4109 con-

172 4130 271 4187 tractio
288 4134 360 4189 Sub:
383 4137 555 4190 contractatio
572 4139 599 4188 P
731 4137 765 4190 23
783 4138 807 4192 si
824 4137 895 4192 solus
912 4139 1147 4194 Hildebruuda'us:
1175 4141 1246 4195 solus
1263 4130 1289 4192 P

172 4220 201 4271 et
223 4219 295 4273 solus
314 4219 368 4274 Sat
469 4221 502 4274 25
524 4222 582 4275 fata
599 4221 670 4276 Sub.-
693 4221 763 4275 facta
779 4224 805 4275 P
905 4223 939 4278 26
957 4223 1088 4285 immobili
1105 4225 1175 4280 Sub:
1193 4227 1287 4279 immo·

168 4303 276 4442 21sz
326 4366 332 4377 ¹
375 4307 408 4360 27
426 4307 628 4375 iuquidPoorr
727 4308 763 4362 28
780 4311 893 4379 sepaoP
992 4310 1140 4364 noverimus
1158 4310 1287 4378 proponit

253 4406 287 4443 us
