2904 4784
475 1002 939 1116 uunuunuro

245 1215 385 1311 Arnobii
399 1244 549 1309 aduersus
564 1243 704 1309 nationes
719 1245 799 1324 libri,
815 1261 891 1327 quos
905 1243 1115 1327 Hieronymus
1129 1243 1163 1308 in
1176 1242 1255 1310 libro

141 1354 279 1420 uirorum
300 1354 483 1420 inlustrium
505 1373 531 1420 c.
555 1357 596 1422 79
617 1375 673 1422 sua
695 1356 799 1421 aetate
821 1355 915 1441 uulgo
937 1359 1041 1420 extare
1057 1354 1143 1434 dicit,
1166 1355 1257 1421 hodie

140 1457 174 1520 in
200 1476 261 1522 nno
291 1458 419 1541 antiquo
451 1456 556 1523 codice
584 1458 747 1542 leguntur,
776 1459 830 1540 qui
860 1459 894 1524 in
914 1457 1101 1526 bibliotheca
1121 1459 1258 1525 maxima

139 1557 310 1625 Parisiensi
332 1560 514 1626 adseruatur
535 1578 663 1625 numero
685 1562 827 1644 signatus
852 1561 944 1628 1661.
967 1561 1068 1626 eidem
1090 1560 1151 1627 soli
1166 1561 1258 1627 debs-

139 1682 209 1726 mus
232 1663 364 1728 Minucii
385 1663 500 1730 Felicis
524 1661 703 1744 Octauium,
733 1665 787 1748 qui
814 1667 932 1748 septem
953 1662 1086 1729 Arnobii
1108 1662 1198 1729 libris
1219 1667 1257 1729 ut

140 1766 268 1831 octauus
290 1765 370 1833 liber
391 1765 515 1845 additus
539 1768 595 1832 est.
620 1767 706 1832 sento
728 1767 847 1832 decimo
875 1767 998 1837 saeculo
1020 1767 1115 1832 codex
1134 1765 1253 1833 Romae

140 1867 216 1947 fuit,
251 1867 307 1933 ubi
332 1869 466 1935 Faustus
494 1867 630 1936 Sebosus
657 1871 821 1935 Brinianus
848 1869 1056 1937 bibliothecae
1083 1868 1255 1937 Vaticanus

141 1971 244 2064 custos
266 1988 347 2036 anno
372 1970 455 2037 1543
478 1992 514 2037 er
535 1990 570 2037 so
592 1973 711 2056 primus
727 1971 901 2038 Arnobium
924 1971 1030 2038 edidit.
1053 1989 1152 2054 neque
1175 1972 1258 2038 enim

139 2073 237 2138 alium
263 2073 381 2139 librum
409 2073 563 2140 Sabaeum
589 2075 783 2155 adhibuisse,
805 2077 841 2140 ut
862 2075 1006 2141 nonnulli
1032 2074 1152 2157 opinati
1173 2076 1257 2150 sunt,

139 2175 232 2241 facile
245 2177 418 2260 intelleget,
441 2178 494 2260 qui
510 2176 677 2244 editionem
692 2197 764 2244 oum
779 2178 882 2243 codice
898 2175 1130 2259 conparauerit:
1152 2179 1259 2242 tamen

139 2283 175 2343 ut
198 2279 299 2371 cuiuis
321 2297 376 2345 suo
398 2279 513 2345 iudicio
527 2279 576 2344 uti
590 2280 698 2345 liceret
714 2298 820 2346 omnes
835 2279 943 2348 Sabaei
956 2280 1107 2346 lectiones
1122 2279 1156 2342 in
1171 2295 1262 2365 com-¹

138 2383 291 2449 montorio
313 2383 422 2448 critico
437 2383 604 2468 diligenter
619 2385 767 2449 adnotaui
779 2385 901 2466 praeter
915 2381 1154 2466 orthographica
1167 2400 1256 2446 men·

140 2484 254 2567 dasque
283 2485 518 2570 typothetarum
546 2486 829 2552 manifestissimae.
858 2484 1031 2569 possedisse
1058 2503 1133 2549 uero
1154 2484 1257 2566 ipsum

139 2585 295 2654 Sabaeum
316 2589 453 2654 codicem
474 2607 532 2654 neo
545 2588 643 2654 fuisse
658 2608 730 2654 eum
745 2590 778 2654 in
792 2588 985 2654 bibliotheca
998 2587 1155 2653 Vaticana
1167 2586 1259 2656 ilhnsi
1294 2581 1298 2587 ’

139 2690 244 2756 uerbis
266 2691 300 2754 in
322 2691 513 2773 praefatione
536 2692 683 2757 docemur
704 2686 782 2756 ‘iure
811 2691 894 2755 enim
920 2690 995 2758 belli
1017 2708 1104 2755 meus
1126 2689 1173 2754 est
1194 2688 1257 2753 hr-

140 2794 267 2873 bobius,
295 2811 388 2877 quem
415 2793 558 2859 emedio
578 2794 719 2860 barbaris
742 2811 805 2858 non
827 2794 894 2858 sine
915 2792 1073 2875 depondio
1097 2793 1128 2858 et
1149 2781 1258 2858 diocri-

140 2893 227 2961 mine
257 2883 445 2979 eripusrim'.
469 2914 548 2979 quae
575 2897 601 2962 si
634 2899 718 2962 recte
747 2897 945 2980 interpretor,
967 2895 1142 2961 Mncbium
1167 2914 1258 2960 suum

101 3072 104 3077 p
139 3000 172 3062 in
207 2997 400 3064 bibliotheca
427 2999 594 3065 Heluetico
625 3003 680 3065 aut
706 3001 894 3068 Germaniae
927 3000 1119 3083 reppererat:
1147 3016 1258 3080 nempe

140 3103 310 3168 cauendum
332 3103 388 3181 est,
411 3119 450 3165 ns
473 3100 624 3168 Sabaeum
646 3103 828 3184 metaphora
849 3101 1011 3168 audaciore
1025 3120 1116 3167 uuum
1130 3119 1258 3184 magnos

141 3203 325 3269 emendandi
346 3202 470 3269 labores
492 3203 668 3286 significare
681 3206 836 3287 putemus,
859 3222 929 3269 cum
945 3205 1010 3286 ipse
1025 3204 1106 3270 nihil
1121 3207 1159 3270 ad
1174 3204 1258 3273 dior·

141 3293 245 3371 thesin
266 3306 396 3373 Arnobii
418 3307 584 3373 contulisse
606 3307 768 3387 uideatur,
798 3309 852 3373 sed
878 3308 912 3372 in
933 3308 1043 3372 eadem
1064 3305 1257 3390 praefatione

140 3410 365 3492 Hieronymum
391 3409 569 3476 Ferrarium
599 3412 630 3474 et
658 3409 861 3476 Franciscum
887 3409 1153 3489 Priscianensem,
1181 3426 1259 3490 quos

143 3511 226 3577 uiros
241 3512 435 3578 doctissimos
451 3515 484 3578 ιι
498 3512 616 3597 ingenii
631 3515 663 3577 et
677 3513 786 3579 iudicii
799 3512 1057 3596 perspicacissimi
1079 3512 1164 3590 dicit,
1187 3514 1258 3595 post

139 3613 217 3678 alios
246 3614 361 3680 amicos
388 3615 423 3679 in
450 3633 486 3679 ec
514 3632 604 3698 opere
630 3614 780 3681 tardiores
808 3616 993 3682 emendandi
1015 3618 1047 3680 ιι
1068 3614 1256 3702 imprimendi

140 3714 313 3782 Arnobium
334 3717 529 3798 prouinciam
552 3718 724 3801 suscepisse
746 3720 891 3784 testetur.
913 3717 1013 3783 Roma
1028 3719 1122 3783 codex
1135 3719 1168 3782 in
1183 3717 1261 3805 Gab'

142 3819 215 3886 liam
242 3821 412 3886 translatus
442 3819 504 3899 est,'
529 3839 592 3887 una
619 3839 690 3886 cum
713 3821 852 3888 Arnobio
880 3823 963 3904 typis
988 3839 1143 3904 expresso,
1166 3808 1259 3903 quem

144 3920 277 3997 Sabaeos
299 3923 465 3989 Francisco
481 3922 581 4007 primo
597 3925 763 4008 dedicauit,
787 3924 887 3990 eidem
901 3925 976 4008 regi,
992 3927 1028 3989 ut
1044 3922 1258 3989 coniciendum

143 4042 205 4090 esse
226 4025 361 4105 uidetur,
383 4029 461 4092 dono
477 4029 579 4093 datus.
603 4027 715 4092 saltem
737 4027 866 4093 Henrioi
888 4028 1015 4093 secundi
1037 4029 1138 4092 aetate
1158 4029 1191 4093 in
1211 4026 1261 4094 bi-‘

143 4125 301 4193 bliotheca
326 4127 412 4212 regia
439 4128 514 4208 fuit,
544 4133 580 4194 ut
608 4131 792 4213 tegumenta
813 4131 878 4195 sius
902 4131 1082 4196 etiamnunc
1103 4131 1257 4197 indicant:

142 4247 247 4295 rursus
269 4249 350 4296 anno
374 4231 466 4311 1583,
490 4249 549 4314 quo
571 4231 676 4297 Fuluii
698 4231 802 4298 Vrsini
825 4231 918 4299 editio
939 4232 1057 4298 Romae
1080 4233 1205 4317 prodiit,
1226 4233 1261 4298 in

142 4329 199 4396 hac
226 4332 302 4398 urbe
331 4333 467 4400 codicem
494 4334 627 4403 motii
656 4332 754 4404 luisse
783 4335 930 4420 nullum,
955 4355 1040 4422 uuas
1067 4339 1109 4403 be
1126 4334 1291 4400 subaudis
