2904 4784
666 336 764 391 laibsr
781 335 803 390 1.
1250 337 1291 403 27

174 505 273 572 inlata
304 507 442 573 decessit.
484 507 674 592 Pythagoras
707 507 830 574 Samius
867 507 1038 591 suspicione
1075 507 1293 573 dominationis

174 609 290 676 iniusta
304 609 396 675 uiuus
411 612 619 677 concrematus
634 612 667 676 in
683 611 754 676 fano
770 612 833 677 est:
856 610 1005 692 numquid
1031 627 1066 674 ea
1087 629 1163 693 quae
1186 611 1291 676 docuit

173 711 240 777 uim
261 713 416 794 propriam
438 714 651 800 perdiderunt,
675 718 745 795 quia
767 732 828 777 non
851 713 995 795 spiritum
1017 715 1124 794 sponte
1146 712 1291 779 6661666-

175 814 302 881 delitate
336 816 492 898 adpetitus
525 816 656 883 effudit?
699 816 845 882 similitor
877 815 1016 882 Socrates
1048 815 1185 881 ciuitatis
1218 834 1293 881 suae

153 917 287 986 eiudicio
309 920 472 985 damnatus
501 919 627 1003 capitali
650 920 857 986 adfectasset
882 937 992 1003 poena:
1025 918 1175 1001 numquid
1197 918 1291 983 inrita

174 1020 256 1086 facts
282 1023 354 1087 sunt
381 1040 457 1104 quoe
484 1022 616 1087 suntab
639 1038 673 1087 66
696 1022 734 1088 16
760 1023 897 1089 moribus
924 1022 1095 1088 uirtutibus
1122 1023 1154 1086 et
1181 1021 1290 1086 officiis

173 1123 340 1205 disputata,
364 1125 571 1207 quiainiuria
592 1127 735 1210 expulsus
758 1145 774 1192 c
795 1126 863 1192 uite
885 1129 955 1192 est?
982 1123 1221 1191 innumerabiles
1236 1125 1290 1189 alii

173 1225 271 1309 gloria
304 1227 336 1293 et
367 1228 487 1294 uirtute
521 1230 552 1293 61
586 1229 812 1295 existimatione
843 1229 992 1310 pollentes
1025 1227 1290 1294 acerbissimarum

172 1328 321 1395 mortium
343 1330 458 1412 experti
480 1333 552 1397 sunt
576 1331 699 1410 formas,
723 1333 758 1397 61
781 1331 925 1413 Aquilius
948 1331 1114 1397 Trebonius
1137 1330 1290 1414 Regulus:

139 1459 165 1499 re
173 1431 323 1513 numquid
356 1432 469 1498 idcirco
500 1435 570 1515 post
601 1434 700 1521 uitam
729 1434 857 1500 iudicati
886 1436 959 1500 sunt
980 1436 1087 1517 turpes
1094 1482 1102 1517 ,
1137 1433 1290 1515 quianon

173 1534 296 1617 publica
317 1535 383 1619 lege
410 1535 544 1601 fatorum
567 1535 620 1602 sed
642 1536 751 1603 mortis
774 1537 939 1618 asperrimo
960 1555 1068 1620 genere
1089 1537 1290 1602 laceration-

173 1637 360 1720 cruciatique
393 1639 573 1720 perierunt?
609 1658 698 1705 nemo
734 1659 881 1723 umquam
910 1641 1052 1705 innocens
1083 1640 1165 1705 male
1194 1640 1289 1705 inter·

173 1743 296 1822 emptus
329 1741 454 1806 infamis
487 1743 548 1820 est,
582 1761 637 1807 nec
668 1742 871 1824 turpitudinis
898 1742 1030 1808 alicuius
1061 1744 1291 1808 conmaculatur

173 1844 257 1922 note,
279 1843 332 1925 qui
355 1863 413 1909 non
436 1863 490 1910 suc
513 1845 623 1911 merito
644 1864 756 1928 poenas
779 1864 887 1930 graues
909 1846 963 1911 sed
986 1846 1163 1912 cruciatoris
1184 1863 1290 1930 perpe-

137 1970 163 2010 rc
172 1947 252 2012 titur
285 1949 443 2014 suauitate.
491 1949 522 2013 61
553 1949 672 2027 tamen,
705 1948 816 2026 cisti,
851 1949 903 2030 qui
938 1948 1095 2014 hominem
1116 1968 1171 2014 nos
1193 1949 1337 2014 66166611

173 2052 272 2116 morte
306 2051 447 2116 functum
478 2051 684 2136 ignominiosa
716 2052 839 2129 ridetis,
872 2044 970 2118 nonne
1002 2052 1148 2118 liberum
1179 2054 1209 2116 et
1236 2070 1290 2117 uos

173 2155 293 2237 patrem
309 2155 507 2220 membratim
522 2154 562 2219 ab
577 2154 698 2220 Titanis
713 2154 897 2237 dissipatum
913 2155 1053 2220 fanorum
1065 2155 1290 2220 consecratione

172 2256 339 2322 mactatis?
376 2274 473 2322 nonne
495 2256 714 2340 Aesculapium
742 2256 982 2323 medicaminum
1008 2258 1193 2338 repertorem
1221 2258 1291 2338 6661

173 2377 286 2441 poenas
309 2360 340 2424 et
362 2359 514 2443 supplicia
542 2359 682 2432 fulminis
712 2360 869 2425 custodem
892 2360 1126 2443 nuncupauiatis
1149 2361 1179 2424 et
1201 2379 1290 2440 prae·

139 2461 272 2528 residem
295 2462 439 2528 sanitatis
461 2462 648 2528 ualetudinis
671 2464 702 2527 et
723 2463 855 2528 salutis?
888 2481 986 2528 nonne
1008 2464 1110 2545 ipsum
1125 2461 1290 2527 Herculem

174 2582 322 2648 magnum
345 2564 504 2630 sacrificiis
526 2565 636 2630 hostiis
659 2567 690 2631 et
706 2567 782 2639 ¹ture
804 2565 945 2630 inuitatis
960 2565 1093 2645 incenso,
1117 2583 1208 2646 quem
1229 2564 1289 2646 ipsi

174 2683 229 2731 uos
251 2667 337 2732 fertis
358 2668 468 2734 uiuum
490 2670 600 2734 arsisse
615 2668 684 2750 post
698 2686 810 2749 poenas
826 2669 857 2732 et
871 2670 1097 2735 concrematum
1112 2668 1146 2732 in
1160 2666 1272 2731 funest'

175 2769 358 2835 busticetis?
379 2787 479 2836 nonne
492 2771 585 2837 illum
600 2772 692 2837 Attin
706 2771 861 2855 Phrygem
879 2771 883 2856 1
903 2771 1056 2837 abscisum
1078 2771 1109 2835 et
1123 2770 1289 2852 spoliatum
1301 2783 1317 2834 f.
1328 2783 1360 2834 15

175 2875 241 2938 uiro
265 2891 393 2956 magnae
414 2874 525 2940 matris
547 2874 580 2937 in
596 2873 697 2957 adytis
719 2872 812 2939 deum
833 2873 1011 2957 propitium,
1035 2873 1128 2938 deum
1150 2875 1290 2938 sanctum

139 2997 165 3039 66
175 2975 335 3043 Gallorum
369 2977 608 3042 conclamatione
640 2977 822 3041 testamini?
858 2995 955 3042 nonne
988 2977 1091 3058 ipsum
1123 2977 1290 3043 Romulum

174 3083 294 3163 patrem
323 3082 499 3146 senatorum
530 3079 673 3145 manibus
702 3076 903 3145 dilaceratum
926 3080 1050 3145 centum
1072 3080 1104 3144 et
1126 3079 1290 3160 Quirinum

176 3202 239 3249 esse
262 3182 411 3248 Martium
433 3183 536 3249 dicitis
559 3187 591 3247 ct
617 3183 823 3249 sacerdotibus
840 3185 872 3248 61
897 3182 1113 3264 puluinaribus
1134 3169 1289 3248 honoratis

174 3289 205 3352 et
227 3287 260 3351 in
281 3288 407 3353 aedibus
430 3287 563 3353 adoratis
586 3287 785 3370 amplissimis
807 3288 927 3368 etpost
953 3287 1151 3353 haecomnia
1173 3289 1291 3353 caelum

175 3390 344 3456 ascendisse
365 3391 499 3456 iuratis?
521 3391 574 3455 661
596 3390 695 3474 igitur
716 3389 837 3455 ridendi
860 3392 891 3455 et
905 3408 960 3456 uos
975 3390 1060 3468 estis,
1083 3391 1136 3472 qui
1150 3389 1291 3456 homines

140 3493 366 3575 agranissimis
389 3493 574 3559 cruciatibus
595 3492 795 3574 interemptos
816 3494 889 3560 deos
910 3492 1027 3576 putatis
1051 3494 1081 3558 et
1103 3492 1212 3574 colitis,
1236 3495 1292 3558 aut

208 3747 363 3814 boapitalis
376 3749 402 3798 P
502 3746 579 3800 1611ἱ
596 3739 643 3797 P'
723 3747 985 3802 Saceruissimarnm
1003 3751 1029 3800 P
1045 3763 1106 3803 corr
1198 3749 1230 3800 11
1248 3763 1290 3801 er·

174 3832 332 3900 cruciatique
349 3833 375 3884 P
486 3832 518 3886 12
535 3831 683 3900 pereierunt
700 3833 726 3884 P
840 3833 1029 3903 iutesremptus
1046 3836 1072 3887 P
1184 3834 1218 3888 15
1234 3848 1290 3887 sse

174 3918 260 3972 611616
288 3918 354 3972 Ure:
373 3917 531 3971 eaecitatem
549 3918 577 3971 P
684 3918 716 3970 17
741 3919 878 3972 11166161>
981 3921 1169 3974 consecrationi
1192 3920 1290 3989 6616116
1339 3943 1342 3948 ·

175 4002 229 4057 Sub
333 4004 365 4058 18
382 4018 468 4057 noune
481 4001 549 4057 Sub:
567 4017 621 4056 non
639 4003 666 4056 P
767 4004 799 4057 21
818 4004 949 4058 hostib?
1048 4005 1207 4060 2216666116
1223 4006 1290 4060 Urs.-

173 4088 322 4143 funestibns
340 4091 366 4140 P
483 4088 516 4142 23
534 4074 606 4157 frige
619 4089 645 4140 P
763 4090 907 4144 abscissum
925 4089 979 4144 Sub
1093 4092 1127 4147 24
1145 4093 1290 4161 propitium

172 4173 249 4228 deum
272 4176 361 4230 addc
464 4176 498 4231 25
520 4191 586 4229 none
608 4177 634 4226 P
649 4191 743 4229 corrr
844 4177 878 4231 26
901 4182 1043 4231 sena¹⁰rum
1062 4180 1088 4229 P
1187 4179 1221 4232 19
1243 4179 1290 4234 ho-

172 4262 252 4316 minis
271 4264 296 4313 P
312 4277 373 4316 corr
391 4279 406 4317 e
512 4260 546 4315 30
563 4261 721 4329 interempto
739 4263 765 4315 P
780 4277 873 4318 corre
